%YAML 1.1
%TAG !u! tag:unity3d.com,2011:
--- !u!1 &483602098734339058
GameObject:
  m_ObjectHideFlags: 0
  m_CorrespondingSourceObject: {fileID: 0}
  m_PrefabInstance: {fileID: 0}
  m_PrefabAsset: {fileID: 0}
  serializedVersion: 6
  m_Component:
  - component: {fileID: 9185935759872384806}
  - component: {fileID: 4471078222402248644}
  - component: {fileID: 8207835390528933560}
  m_Layer: 5
  m_Name: Handle
  m_TagString: Untagged
  m_Icon: {fileID: 0}
  m_NavMeshLayer: 0
  m_StaticEditorFlags: 0
  m_IsActive: 1
--- !u!224 &9185935759872384806
RectTransform:
  m_ObjectHideFlags: 0
  m_CorrespondingSourceObject: {fileID: 0}
  m_PrefabInstance: {fileID: 0}
  m_PrefabAsset: {fileID: 0}
  m_GameObject: {fileID: 483602098734339058}
  m_LocalRotation: {x: -0, y: -0, z: -0, w: 1}
  m_LocalPosition: {x: 0, y: 0, z: 0}
  m_LocalScale: {x: 1, y: 1, z: 1}
  m_ConstrainProportionsScale: 0
  m_Children: []
  m_Father: {fileID: 6550985719095988828}
  m_RootOrder: 0
  m_LocalEulerAnglesHint: {x: 0, y: 0, z: 0}
  m_AnchorMin: {x: 0, y: 0}
  m_AnchorMax: {x: 0, y: 0}
  m_AnchoredPosition: {x: 0, y: 0}
  m_SizeDelta: {x: 20, y: 20}
  m_Pivot: {x: 0.5, y: 0.5}
--- !u!222 &4471078222402248644
CanvasRenderer:
  m_ObjectHideFlags: 0
  m_CorrespondingSourceObject: {fileID: 0}
  m_PrefabInstance: {fileID: 0}
  m_PrefabAsset: {fileID: 0}
  m_GameObject: {fileID: 483602098734339058}
  m_CullTransparentMesh: 1
--- !u!114 &8207835390528933560
MonoBehaviour:
  m_ObjectHideFlags: 0
  m_CorrespondingSourceObject: {fileID: 0}
  m_PrefabInstance: {fileID: 0}
  m_PrefabAsset: {fileID: 0}
  m_GameObject: {fileID: 483602098734339058}
  m_Enabled: 1
  m_EditorHideFlags: 0
  m_Script: {fileID: 11500000, guid: fe87c0e1cc204ed48ad3b37840f39efc, type: 3}
  m_Name: 
  m_EditorClassIdentifier: 
  m_Material: {fileID: 0}
  m_Color: {r: 1, g: 1, b: 1, a: 1}
  m_RaycastTarget: 1
  m_RaycastPadding: {x: 0, y: 0, z: 0, w: 0}
  m_Maskable: 1
  m_OnCullStateChanged:
    m_PersistentCalls:
      m_Calls: []
  m_Sprite: {fileID: 10905, guid: 0000000000000000f000000000000000, type: 0}
  m_Type: 1
  m_PreserveAspect: 0
  m_FillCenter: 1
  m_FillMethod: 4
  m_FillAmount: 1
  m_FillClockwise: 1
  m_FillOrigin: 0
  m_UseSpriteMesh: 0
  m_PixelsPerUnitMultiplier: 1
--- !u!1 &1600991460023482534
GameObject:
  m_ObjectHideFlags: 0
  m_CorrespondingSourceObject: {fileID: 0}
  m_PrefabInstance: {fileID: 0}
  m_PrefabAsset: {fileID: 0}
  serializedVersion: 6
  m_Component:
  - component: {fileID: 5202753998240495356}
  - component: {fileID: 480534661488102593}
  - component: {fileID: 6849889881221043781}
  - component: {fileID: 6868203884857932004}
  - component: {fileID: 6772736534128936269}
  m_Layer: 5
  m_Name: Title
  m_TagString: Untagged
  m_Icon: {fileID: 0}
  m_NavMeshLayer: 0
  m_StaticEditorFlags: 0
  m_IsActive: 1
--- !u!224 &5202753998240495356
RectTransform:
  m_ObjectHideFlags: 0
  m_CorrespondingSourceObject: {fileID: 0}
  m_PrefabInstance: {fileID: 0}
  m_PrefabAsset: {fileID: 0}
  m_GameObject: {fileID: 1600991460023482534}
  m_LocalRotation: {x: -0, y: -0, z: -0, w: 1}
  m_LocalPosition: {x: 0, y: 0, z: 0}
  m_LocalScale: {x: 1, y: 1, z: 1}
  m_ConstrainProportionsScale: 0
  m_Children: []
  m_Father: {fileID: 8300189973542873389}
  m_RootOrder: 0
  m_LocalEulerAnglesHint: {x: 0, y: 0, z: 0}
  m_AnchorMin: {x: 0, y: 1}
  m_AnchorMax: {x: 1, y: 1}
  m_AnchoredPosition: {x: 0, y: 0}
  m_SizeDelta: {x: 0, y: 64}
  m_Pivot: {x: 0.5, y: 1}
--- !u!222 &480534661488102593
CanvasRenderer:
  m_ObjectHideFlags: 0
  m_CorrespondingSourceObject: {fileID: 0}
  m_PrefabInstance: {fileID: 0}
  m_PrefabAsset: {fileID: 0}
  m_GameObject: {fileID: 1600991460023482534}
  m_CullTransparentMesh: 1
--- !u!114 &6849889881221043781
MonoBehaviour:
  m_ObjectHideFlags: 0
  m_CorrespondingSourceObject: {fileID: 0}
  m_PrefabInstance: {fileID: 0}
  m_PrefabAsset: {fileID: 0}
  m_GameObject: {fileID: 1600991460023482534}
  m_Enabled: 1
  m_EditorHideFlags: 0
  m_Script: {fileID: 11500000, guid: f4688fdb7df04437aeb418b961361dc5, type: 3}
  m_Name: 
  m_EditorClassIdentifier: 
  m_Material: {fileID: 0}
  m_Color: {r: 1, g: 1, b: 1, a: 1}
  m_RaycastTarget: 1
  m_RaycastPadding: {x: 0, y: 0, z: 0, w: 0}
  m_Maskable: 1
  m_OnCullStateChanged:
    m_PersistentCalls:
      m_Calls: []
  m_text: "D\xE9cris ton XP"
  m_isRightToLeft: 0
  m_fontAsset: {fileID: 11400000, guid: 8f586378b4e144a9851e7b34d9b748ee, type: 2}
  m_sharedMaterial: {fileID: 2180264, guid: 8f586378b4e144a9851e7b34d9b748ee, type: 2}
  m_fontSharedMaterials: []
  m_fontMaterial: {fileID: 0}
  m_fontMaterials: []
  m_fontColor32:
    serializedVersion: 2
    rgba: 4281479730
  m_fontColor: {r: 0.19607843, g: 0.19607843, b: 0.19607843, a: 1}
  m_enableVertexGradient: 0
  m_colorMode: 3
  m_fontColorGradient:
    topLeft: {r: 1, g: 1, b: 1, a: 1}
    topRight: {r: 1, g: 1, b: 1, a: 1}
    bottomLeft: {r: 1, g: 1, b: 1, a: 1}
    bottomRight: {r: 1, g: 1, b: 1, a: 1}
  m_fontColorGradientPreset: {fileID: 0}
  m_spriteAsset: {fileID: 0}
  m_tintAllSprites: 0
  m_StyleSheet: {fileID: 0}
  m_TextStyleHashCode: -1183493901
  m_overrideHtmlColors: 0
  m_faceColor:
    serializedVersion: 2
    rgba: 4294967295
  m_fontSize: 24
  m_fontSizeBase: 24
  m_fontWeight: 400
  m_enableAutoSizing: 0
  m_fontSizeMin: 18
  m_fontSizeMax: 72
  m_fontStyle: 0
  m_HorizontalAlignment: 2
  m_VerticalAlignment: 512
  m_textAlignment: 65535
  m_characterSpacing: 0
  m_wordSpacing: 0
  m_lineSpacing: 0
  m_lineSpacingMax: 0
  m_paragraphSpacing: 0
  m_charWidthMaxAdj: 0
  m_enableWordWrapping: 1
  m_wordWrappingRatios: 0.4
  m_overflowMode: 0
  m_linkedTextComponent: {fileID: 0}
  parentLinkedComponent: {fileID: 0}
  m_enableKerning: 1
  m_enableExtraPadding: 0
  checkPaddingRequired: 0
  m_isRichText: 1
  m_parseCtrlCharacters: 1
  m_isOrthographic: 1
  m_isCullingEnabled: 0
  m_horizontalMapping: 0
  m_verticalMapping: 0
  m_uvLineOffset: 0
  m_geometrySortingOrder: 0
  m_IsTextObjectScaleStatic: 0
  m_VertexBufferAutoSizeReduction: 0
  m_useMaxVisibleDescender: 1
  m_pageToDisplay: 1
  m_margin: {x: 0, y: 0, z: 0, w: 0}
  m_isUsingLegacyAnimationComponent: 0
  m_isVolumetricText: 0
  m_hasFontAssetChanged: 0
  m_baseMaterial: {fileID: 0}
  m_maskOffset: {x: 0, y: 0, z: 0, w: 0}
--- !u!114 &6868203884857932004
MonoBehaviour:
  m_ObjectHideFlags: 0
  m_CorrespondingSourceObject: {fileID: 0}
  m_PrefabInstance: {fileID: 0}
  m_PrefabAsset: {fileID: 0}
  m_GameObject: {fileID: 1600991460023482534}
  m_Enabled: 1
  m_EditorHideFlags: 0
  m_Script: {fileID: 11500000, guid: 306cc8c2b49d7114eaa3623786fc2126, type: 3}
  m_Name: 
  m_EditorClassIdentifier: 
  m_IgnoreLayout: 1
  m_MinWidth: -1
  m_MinHeight: -1
  m_PreferredWidth: -1
  m_PreferredHeight: -1
  m_FlexibleWidth: -1
  m_FlexibleHeight: -1
  m_LayoutPriority: 1
--- !u!114 &6772736534128936269
MonoBehaviour:
  m_ObjectHideFlags: 0
  m_CorrespondingSourceObject: {fileID: 0}
  m_PrefabInstance: {fileID: 0}
  m_PrefabAsset: {fileID: 0}
  m_GameObject: {fileID: 1600991460023482534}
  m_Enabled: 1
  m_EditorHideFlags: 0
  m_Script: {fileID: 11500000, guid: e2da6054be14add4ca66d78069ebefcb, type: 3}
  m_Name: 
  m_EditorClassIdentifier: 
  id: id_icons_popup_title
--- !u!1 &2563498086614123025
GameObject:
  m_ObjectHideFlags: 0
  m_CorrespondingSourceObject: {fileID: 0}
  m_PrefabInstance: {fileID: 0}
  m_PrefabAsset: {fileID: 0}
  serializedVersion: 6
  m_Component:
  - component: {fileID: 5242515048109117468}
  - component: {fileID: 9194155714272616140}
  m_Layer: 5
  m_Name: SelectedIcons
  m_TagString: Untagged
  m_Icon: {fileID: 0}
  m_NavMeshLayer: 0
  m_StaticEditorFlags: 0
  m_IsActive: 1
--- !u!224 &5242515048109117468
RectTransform:
  m_ObjectHideFlags: 0
  m_CorrespondingSourceObject: {fileID: 0}
  m_PrefabInstance: {fileID: 0}
  m_PrefabAsset: {fileID: 0}
  m_GameObject: {fileID: 2563498086614123025}
  m_LocalRotation: {x: 0, y: 0, z: 0, w: 1}
  m_LocalPosition: {x: 0, y: 0, z: 0}
  m_LocalScale: {x: 1, y: 1, z: 1}
  m_ConstrainProportionsScale: 0
  m_Children: []
  m_Father: {fileID: 8300189973542873389}
  m_RootOrder: 5
  m_LocalEulerAnglesHint: {x: 0, y: 0, z: 0}
  m_AnchorMin: {x: 0, y: 0}
  m_AnchorMax: {x: 1, y: 0}
  m_AnchoredPosition: {x: 0, y: 90}
  m_SizeDelta: {x: -32, y: 100}
  m_Pivot: {x: 0.5, y: 0}
--- !u!114 &9194155714272616140
MonoBehaviour:
  m_ObjectHideFlags: 0
  m_CorrespondingSourceObject: {fileID: 0}
  m_PrefabInstance: {fileID: 0}
  m_PrefabAsset: {fileID: 0}
  m_GameObject: {fileID: 2563498086614123025}
  m_Enabled: 1
  m_EditorHideFlags: 0
  m_Script: {fileID: 11500000, guid: 8a8695521f0d02e499659fee002a26c2, type: 3}
  m_Name: 
  m_EditorClassIdentifier: 
  m_Padding:
    m_Left: 0
    m_Right: 0
    m_Top: 0
    m_Bottom: 0
  m_ChildAlignment: 1
  m_StartCorner: 0
  m_StartAxis: 0
  m_CellSize: {x: 48, y: 48}
  m_Spacing: {x: 4, y: 4}
  m_Constraint: 1
  m_ConstraintCount: 5
--- !u!1 &2579990153332772078
GameObject:
  m_ObjectHideFlags: 0
  m_CorrespondingSourceObject: {fileID: 0}
  m_PrefabInstance: {fileID: 0}
  m_PrefabAsset: {fileID: 0}
  serializedVersion: 6
  m_Component:
  - component: {fileID: 212656242340401969}
  - component: {fileID: 811362998550083427}
  - component: {fileID: 3357863002459044325}
  - component: {fileID: 3958715482408469843}
  m_Layer: 5
  m_Name: Separator
  m_TagString: Untagged
  m_Icon: {fileID: 0}
  m_NavMeshLayer: 0
  m_StaticEditorFlags: 0
  m_IsActive: 1
--- !u!224 &212656242340401969
RectTransform:
  m_ObjectHideFlags: 0
  m_CorrespondingSourceObject: {fileID: 0}
  m_PrefabInstance: {fileID: 0}
  m_PrefabAsset: {fileID: 0}
  m_GameObject: {fileID: 2579990153332772078}
  m_LocalRotation: {x: 0, y: 0, z: 0, w: 1}
  m_LocalPosition: {x: 0, y: 0, z: 0}
  m_LocalScale: {x: 1, y: 1, z: 1}
  m_ConstrainProportionsScale: 0
  m_Children: []
  m_Father: {fileID: 8300189973542873389}
  m_RootOrder: 2
  m_LocalEulerAnglesHint: {x: 0, y: 0, z: 0}
  m_AnchorMin: {x: 0, y: 1}
  m_AnchorMax: {x: 1, y: 1}
  m_AnchoredPosition: {x: 0, y: -64}
  m_SizeDelta: {x: -11, y: 2}
  m_Pivot: {x: 0.5, y: 1}
--- !u!222 &811362998550083427
CanvasRenderer:
  m_ObjectHideFlags: 0
  m_CorrespondingSourceObject: {fileID: 0}
  m_PrefabInstance: {fileID: 0}
  m_PrefabAsset: {fileID: 0}
  m_GameObject: {fileID: 2579990153332772078}
  m_CullTransparentMesh: 1
--- !u!114 &3357863002459044325
MonoBehaviour:
  m_ObjectHideFlags: 0
  m_CorrespondingSourceObject: {fileID: 0}
  m_PrefabInstance: {fileID: 0}
  m_PrefabAsset: {fileID: 0}
  m_GameObject: {fileID: 2579990153332772078}
  m_Enabled: 1
  m_EditorHideFlags: 0
  m_Script: {fileID: 11500000, guid: fe87c0e1cc204ed48ad3b37840f39efc, type: 3}
  m_Name: 
  m_EditorClassIdentifier: 
  m_Material: {fileID: 0}
  m_Color: {r: 0.19607843, g: 0.19607843, b: 0.19607843, a: 1}
  m_RaycastTarget: 1
  m_RaycastPadding: {x: 0, y: 0, z: 0, w: 0}
  m_Maskable: 1
  m_OnCullStateChanged:
    m_PersistentCalls:
      m_Calls: []
  m_Sprite: {fileID: 0}
  m_Type: 0
  m_PreserveAspect: 0
  m_FillCenter: 1
  m_FillMethod: 4
  m_FillAmount: 1
  m_FillClockwise: 1
  m_FillOrigin: 0
  m_UseSpriteMesh: 0
  m_PixelsPerUnitMultiplier: 1
--- !u!114 &3958715482408469843
MonoBehaviour:
  m_ObjectHideFlags: 0
  m_CorrespondingSourceObject: {fileID: 0}
  m_PrefabInstance: {fileID: 0}
  m_PrefabAsset: {fileID: 0}
  m_GameObject: {fileID: 2579990153332772078}
  m_Enabled: 1
  m_EditorHideFlags: 0
  m_Script: {fileID: 11500000, guid: 306cc8c2b49d7114eaa3623786fc2126, type: 3}
  m_Name: 
  m_EditorClassIdentifier: 
  m_IgnoreLayout: 1
  m_MinWidth: -1
  m_MinHeight: -1
  m_PreferredWidth: -1
  m_PreferredHeight: -1
  m_FlexibleWidth: -1
  m_FlexibleHeight: -1
  m_LayoutPriority: 1
--- !u!1 &2703038187672944321
GameObject:
  m_ObjectHideFlags: 0
  m_CorrespondingSourceObject: {fileID: 0}
  m_PrefabInstance: {fileID: 0}
  m_PrefabAsset: {fileID: 0}
  serializedVersion: 6
  m_Component:
  - component: {fileID: 5990611388140048261}
  - component: {fileID: 6644605043846456804}
  - component: {fileID: 7723828632340718771}
  - component: {fileID: 2267858708578998516}
  m_Layer: 5
  m_Name: Scrollbar Vertical
  m_TagString: Untagged
  m_Icon: {fileID: 0}
  m_NavMeshLayer: 0
  m_StaticEditorFlags: 0
  m_IsActive: 1
--- !u!224 &5990611388140048261
RectTransform:
  m_ObjectHideFlags: 0
  m_CorrespondingSourceObject: {fileID: 0}
  m_PrefabInstance: {fileID: 0}
  m_PrefabAsset: {fileID: 0}
  m_GameObject: {fileID: 2703038187672944321}
  m_LocalRotation: {x: -0, y: -0, z: -0, w: 1}
  m_LocalPosition: {x: 0, y: 0, z: 0}
  m_LocalScale: {x: 1, y: 1, z: 1}
  m_ConstrainProportionsScale: 0
  m_Children:
  - {fileID: 6550985719095988828}
  m_Father: {fileID: 7987403947120177848}
  m_RootOrder: 1
  m_LocalEulerAnglesHint: {x: 0, y: 0, z: 0}
  m_AnchorMin: {x: 1, y: 0}
  m_AnchorMax: {x: 1, y: 1}
  m_AnchoredPosition: {x: 0, y: 0}
  m_SizeDelta: {x: 20, y: 0}
  m_Pivot: {x: 1, y: 1}
--- !u!222 &6644605043846456804
CanvasRenderer:
  m_ObjectHideFlags: 0
  m_CorrespondingSourceObject: {fileID: 0}
  m_PrefabInstance: {fileID: 0}
  m_PrefabAsset: {fileID: 0}
  m_GameObject: {fileID: 2703038187672944321}
  m_CullTransparentMesh: 1
--- !u!114 &7723828632340718771
MonoBehaviour:
  m_ObjectHideFlags: 0
  m_CorrespondingSourceObject: {fileID: 0}
  m_PrefabInstance: {fileID: 0}
  m_PrefabAsset: {fileID: 0}
  m_GameObject: {fileID: 2703038187672944321}
  m_Enabled: 1
  m_EditorHideFlags: 0
  m_Script: {fileID: 11500000, guid: fe87c0e1cc204ed48ad3b37840f39efc, type: 3}
  m_Name: 
  m_EditorClassIdentifier: 
  m_Material: {fileID: 0}
  m_Color: {r: 1, g: 1, b: 1, a: 1}
  m_RaycastTarget: 1
  m_RaycastPadding: {x: 0, y: 0, z: 0, w: 0}
  m_Maskable: 1
  m_OnCullStateChanged:
    m_PersistentCalls:
      m_Calls: []
  m_Sprite: {fileID: 10907, guid: 0000000000000000f000000000000000, type: 0}
  m_Type: 1
  m_PreserveAspect: 0
  m_FillCenter: 1
  m_FillMethod: 4
  m_FillAmount: 1
  m_FillClockwise: 1
  m_FillOrigin: 0
  m_UseSpriteMesh: 0
  m_PixelsPerUnitMultiplier: 1
--- !u!114 &2267858708578998516
MonoBehaviour:
  m_ObjectHideFlags: 0
  m_CorrespondingSourceObject: {fileID: 0}
  m_PrefabInstance: {fileID: 0}
  m_PrefabAsset: {fileID: 0}
  m_GameObject: {fileID: 2703038187672944321}
  m_Enabled: 1
  m_EditorHideFlags: 0
  m_Script: {fileID: 11500000, guid: 2a4db7a114972834c8e4117be1d82ba3, type: 3}
  m_Name: 
  m_EditorClassIdentifier: 
  m_Navigation:
    m_Mode: 3
    m_WrapAround: 0
    m_SelectOnUp: {fileID: 0}
    m_SelectOnDown: {fileID: 0}
    m_SelectOnLeft: {fileID: 0}
    m_SelectOnRight: {fileID: 0}
  m_Transition: 1
  m_Colors:
    m_NormalColor: {r: 1, g: 1, b: 1, a: 1}
    m_HighlightedColor: {r: 0.9607843, g: 0.9607843, b: 0.9607843, a: 1}
    m_PressedColor: {r: 0.78431374, g: 0.78431374, b: 0.78431374, a: 1}
    m_SelectedColor: {r: 0.9607843, g: 0.9607843, b: 0.9607843, a: 1}
    m_DisabledColor: {r: 0.78431374, g: 0.78431374, b: 0.78431374, a: 0.5019608}
    m_ColorMultiplier: 1
    m_FadeDuration: 0.1
  m_SpriteState:
    m_HighlightedSprite: {fileID: 0}
    m_PressedSprite: {fileID: 0}
    m_SelectedSprite: {fileID: 0}
    m_DisabledSprite: {fileID: 0}
  m_AnimationTriggers:
    m_NormalTrigger: Normal
    m_HighlightedTrigger: Highlighted
    m_PressedTrigger: Pressed
    m_SelectedTrigger: Selected
    m_DisabledTrigger: Disabled
  m_Interactable: 1
  m_TargetGraphic: {fileID: 8207835390528933560}
  m_HandleRect: {fileID: 9185935759872384806}
  m_Direction: 2
  m_Value: 0.9999998
  m_Size: 0.48453608
  m_NumberOfSteps: 0
  m_OnValueChanged:
    m_PersistentCalls:
      m_Calls: []
--- !u!1 &3828112995922172699
GameObject:
  m_ObjectHideFlags: 0
  m_CorrespondingSourceObject: {fileID: 0}
  m_PrefabInstance: {fileID: 0}
  m_PrefabAsset: {fileID: 0}
  serializedVersion: 6
  m_Component:
  - component: {fileID: 6928712038295568247}
  - component: {fileID: 181506926535141490}
  - component: {fileID: 1362859770565711318}
  m_Layer: 5
  m_Name: Content
  m_TagString: Untagged
  m_Icon: {fileID: 0}
  m_NavMeshLayer: 0
  m_StaticEditorFlags: 0
  m_IsActive: 1
--- !u!224 &6928712038295568247
RectTransform:
  m_ObjectHideFlags: 0
  m_CorrespondingSourceObject: {fileID: 0}
  m_PrefabInstance: {fileID: 0}
  m_PrefabAsset: {fileID: 0}
  m_GameObject: {fileID: 3828112995922172699}
  m_LocalRotation: {x: -0, y: -0, z: -0, w: 1}
  m_LocalPosition: {x: 0, y: 0, z: 0}
  m_LocalScale: {x: 1, y: 1, z: 1}
  m_ConstrainProportionsScale: 0
  m_Children:
  - {fileID: 4584304334967173880}
  - {fileID: 4565020068206025293}
  - {fileID: 6024905368691108027}
  - {fileID: 3470512954852703763}
  - {fileID: 1138046696808114318}
  - {fileID: 2658937160317032361}
  m_Father: {fileID: 7095903918715530240}
  m_RootOrder: 0
  m_LocalEulerAnglesHint: {x: 0, y: 0, z: 0}
  m_AnchorMin: {x: 0, y: 1}
  m_AnchorMax: {x: 1, y: 1}
  m_AnchoredPosition: {x: 0, y: 0.00011370002}
  m_SizeDelta: {x: 0, y: 0}
  m_Pivot: {x: 0, y: 1}
--- !u!114 &181506926535141490
MonoBehaviour:
  m_ObjectHideFlags: 0
  m_CorrespondingSourceObject: {fileID: 0}
  m_PrefabInstance: {fileID: 0}
  m_PrefabAsset: {fileID: 0}
  m_GameObject: {fileID: 3828112995922172699}
  m_Enabled: 1
  m_EditorHideFlags: 0
  m_Script: {fileID: 11500000, guid: 59f8146938fff824cb5fd77236b75775, type: 3}
  m_Name: 
  m_EditorClassIdentifier: 
  m_Padding:
    m_Left: 0
    m_Right: 0
    m_Top: 0
    m_Bottom: 0
  m_ChildAlignment: 0
  m_Spacing: 0
  m_ChildForceExpandWidth: 1
  m_ChildForceExpandHeight: 1
  m_ChildControlWidth: 1
  m_ChildControlHeight: 0
  m_ChildScaleWidth: 0
  m_ChildScaleHeight: 0
  m_ReverseArrangement: 0
--- !u!114 &1362859770565711318
MonoBehaviour:
  m_ObjectHideFlags: 0
  m_CorrespondingSourceObject: {fileID: 0}
  m_PrefabInstance: {fileID: 0}
  m_PrefabAsset: {fileID: 0}
  m_GameObject: {fileID: 3828112995922172699}
  m_Enabled: 1
  m_EditorHideFlags: 0
  m_Script: {fileID: 11500000, guid: 3245ec927659c4140ac4f8d17403cc18, type: 3}
  m_Name: 
  m_EditorClassIdentifier: 
  m_HorizontalFit: 0
  m_VerticalFit: 2
--- !u!1 &4185794873291184335
GameObject:
  m_ObjectHideFlags: 0
  m_CorrespondingSourceObject: {fileID: 0}
  m_PrefabInstance: {fileID: 0}
  m_PrefabAsset: {fileID: 0}
  serializedVersion: 6
  m_Component:
  - component: {fileID: 6550985719095988828}
  m_Layer: 5
  m_Name: Sliding Area
  m_TagString: Untagged
  m_Icon: {fileID: 0}
  m_NavMeshLayer: 0
  m_StaticEditorFlags: 0
  m_IsActive: 1
--- !u!224 &6550985719095988828
RectTransform:
  m_ObjectHideFlags: 0
  m_CorrespondingSourceObject: {fileID: 0}
  m_PrefabInstance: {fileID: 0}
  m_PrefabAsset: {fileID: 0}
  m_GameObject: {fileID: 4185794873291184335}
  m_LocalRotation: {x: -0, y: -0, z: -0, w: 1}
  m_LocalPosition: {x: 0, y: 0, z: 0}
  m_LocalScale: {x: 1, y: 1, z: 1}
  m_ConstrainProportionsScale: 0
  m_Children:
  - {fileID: 9185935759872384806}
  m_Father: {fileID: 5990611388140048261}
  m_RootOrder: 0
  m_LocalEulerAnglesHint: {x: 0, y: 0, z: 0}
  m_AnchorMin: {x: 0, y: 0}
  m_AnchorMax: {x: 1, y: 1}
  m_AnchoredPosition: {x: 0, y: 0}
  m_SizeDelta: {x: -20, y: -20}
  m_Pivot: {x: 0.5, y: 0.5}
--- !u!1 &5660873660652473977
GameObject:
  m_ObjectHideFlags: 0
  m_CorrespondingSourceObject: {fileID: 0}
  m_PrefabInstance: {fileID: 0}
  m_PrefabAsset: {fileID: 0}
  serializedVersion: 6
  m_Component:
  - component: {fileID: 8300189973542873389}
  - component: {fileID: 1227903248525550385}
  - component: {fileID: 1833458988800113646}
  m_Layer: 5
  m_Name: Panel
  m_TagString: Untagged
  m_Icon: {fileID: 0}
  m_NavMeshLayer: 0
  m_StaticEditorFlags: 0
  m_IsActive: 1
--- !u!224 &8300189973542873389
RectTransform:
  m_ObjectHideFlags: 0
  m_CorrespondingSourceObject: {fileID: 0}
  m_PrefabInstance: {fileID: 0}
  m_PrefabAsset: {fileID: 0}
  m_GameObject: {fileID: 5660873660652473977}
  m_LocalRotation: {x: 0, y: 0, z: 0, w: 1}
  m_LocalPosition: {x: 0, y: 0, z: 0}
  m_LocalScale: {x: 1, y: 1, z: 1}
  m_ConstrainProportionsScale: 0
  m_Children:
  - {fileID: 5202753998240495356}
  - {fileID: 1052645242698458590}
  - {fileID: 212656242340401969}
  - {fileID: 7987403947120177848}
  - {fileID: 5243288433479995998}
  - {fileID: 5242515048109117468}
  - {fileID: 8859629709806534781}
  m_Father: {fileID: 4939705339920805138}
  m_RootOrder: 1
  m_LocalEulerAnglesHint: {x: 0, y: 0, z: 0}
  m_AnchorMin: {x: 0.5, y: 0.5}
  m_AnchorMax: {x: 0.5, y: 0.5}
  m_AnchoredPosition: {x: 0, y: 0}
  m_SizeDelta: {x: 400, y: 900}
  m_Pivot: {x: 0.5, y: 0.5}
--- !u!222 &1227903248525550385
CanvasRenderer:
  m_ObjectHideFlags: 0
  m_CorrespondingSourceObject: {fileID: 0}
  m_PrefabInstance: {fileID: 0}
  m_PrefabAsset: {fileID: 0}
  m_GameObject: {fileID: 5660873660652473977}
  m_CullTransparentMesh: 1
--- !u!114 &1833458988800113646
MonoBehaviour:
  m_ObjectHideFlags: 0
  m_CorrespondingSourceObject: {fileID: 0}
  m_PrefabInstance: {fileID: 0}
  m_PrefabAsset: {fileID: 0}
  m_GameObject: {fileID: 5660873660652473977}
  m_Enabled: 1
  m_EditorHideFlags: 0
  m_Script: {fileID: 11500000, guid: fe87c0e1cc204ed48ad3b37840f39efc, type: 3}
  m_Name: 
  m_EditorClassIdentifier: 
  m_Material: {fileID: 0}
  m_Color: {r: 0.6976682, g: 0.7133897, b: 0.735849, a: 1}
  m_RaycastTarget: 1
  m_RaycastPadding: {x: 0, y: 0, z: 0, w: 0}
  m_Maskable: 1
  m_OnCullStateChanged:
    m_PersistentCalls:
      m_Calls: []
  m_Sprite: {fileID: 21300000, guid: 8a63a4f327c85924f9cc010a1510cafc, type: 3}
  m_Type: 1
  m_PreserveAspect: 0
  m_FillCenter: 1
  m_FillMethod: 4
  m_FillAmount: 1
  m_FillClockwise: 1
  m_FillOrigin: 0
  m_UseSpriteMesh: 0
  m_PixelsPerUnitMultiplier: 1
--- !u!1 &6581049921109276580
GameObject:
  m_ObjectHideFlags: 0
  m_CorrespondingSourceObject: {fileID: 0}
  m_PrefabInstance: {fileID: 0}
  m_PrefabAsset: {fileID: 0}
  serializedVersion: 6
  m_Component:
  - component: {fileID: 4939705339920805138}
  - component: {fileID: 2552696749838690521}
  m_Layer: 5
  m_Name: IconsPopup
  m_TagString: Untagged
  m_Icon: {fileID: 0}
  m_NavMeshLayer: 0
  m_StaticEditorFlags: 0
  m_IsActive: 1
--- !u!224 &4939705339920805138
RectTransform:
  m_ObjectHideFlags: 0
  m_CorrespondingSourceObject: {fileID: 0}
  m_PrefabInstance: {fileID: 0}
  m_PrefabAsset: {fileID: 0}
  m_GameObject: {fileID: 6581049921109276580}
  m_LocalRotation: {x: 0, y: 0, z: 0, w: 1}
  m_LocalPosition: {x: 0, y: 0, z: 0}
  m_LocalScale: {x: 1, y: 1, z: 1}
  m_ConstrainProportionsScale: 0
  m_Children:
  - {fileID: 7337462028399579667}
  - {fileID: 8300189973542873389}
  m_Father: {fileID: 0}
  m_RootOrder: 0
  m_LocalEulerAnglesHint: {x: 0, y: 0, z: 0}
  m_AnchorMin: {x: 0, y: 0}
  m_AnchorMax: {x: 1, y: 1}
  m_AnchoredPosition: {x: 0, y: 0}
  m_SizeDelta: {x: 0, y: 0}
  m_Pivot: {x: 0.5, y: 0.5}
--- !u!114 &2552696749838690521
MonoBehaviour:
  m_ObjectHideFlags: 0
  m_CorrespondingSourceObject: {fileID: 0}
  m_PrefabInstance: {fileID: 0}
  m_PrefabAsset: {fileID: 0}
  m_GameObject: {fileID: 6581049921109276580}
  m_Enabled: 1
  m_EditorHideFlags: 0
  m_Script: {fileID: 11500000, guid: 1a91a8666ce784d4e81a7b335ca12d5f, type: 3}
  m_Name: 
  m_EditorClassIdentifier: 
  _categories:
  - {fileID: 5553454322653685348}
  - {fileID: 5608486053252042449}
  - {fileID: 2383440267170315303}
  - {fileID: 4802755766283135631}
  - {fileID: 9026421714190138386}
  - {fileID: 6226539343392621365}
  _selectedIconPrefab: {fileID: 2589690667637222589, guid: e320455715d522f449d9e7769b5cb195, type: 3}
  _selectedIconsRoot: {fileID: 5242515048109117468}
  _iconSprites: {fileID: 11400000, guid: 8518dd2ca4ccc10498fb5c296170a3bd, type: 2}
  _iconCounter: {fileID: 2082130461977766143}
  _backButton: {fileID: 4478570438089148606}
  _okButton: {fileID: 8859629709806534780}
  _maxIcons: 10
--- !u!1 &7030903919767088431
GameObject:
  m_ObjectHideFlags: 0
  m_CorrespondingSourceObject: {fileID: 0}
  m_PrefabInstance: {fileID: 0}
  m_PrefabAsset: {fileID: 0}
  serializedVersion: 6
  m_Component:
  - component: {fileID: 5243288433479995998}
  - component: {fileID: 2546421847613330301}
  - component: {fileID: 2082130461977766143}
  - component: {fileID: 3773275733469573380}
  - component: {fileID: 66068502688586630}
  m_Layer: 5
  m_Name: IconsCounter
  m_TagString: Untagged
  m_Icon: {fileID: 0}
  m_NavMeshLayer: 0
  m_StaticEditorFlags: 0
  m_IsActive: 1
--- !u!224 &5243288433479995998
RectTransform:
  m_ObjectHideFlags: 0
  m_CorrespondingSourceObject: {fileID: 0}
  m_PrefabInstance: {fileID: 0}
  m_PrefabAsset: {fileID: 0}
  m_GameObject: {fileID: 7030903919767088431}
  m_LocalRotation: {x: -0, y: -0, z: -0, w: 1}
  m_LocalPosition: {x: 0, y: 0, z: 0}
  m_LocalScale: {x: 1, y: 1, z: 1}
  m_ConstrainProportionsScale: 0
  m_Children: []
  m_Father: {fileID: 8300189973542873389}
  m_RootOrder: 4
  m_LocalEulerAnglesHint: {x: 0, y: 0, z: 0}
  m_AnchorMin: {x: 0, y: 0}
  m_AnchorMax: {x: 1, y: 0}
  m_AnchoredPosition: {x: 0, y: 200}
  m_SizeDelta: {x: -32, y: 30}
  m_Pivot: {x: 0.5, y: 0}
--- !u!222 &2546421847613330301
CanvasRenderer:
  m_ObjectHideFlags: 0
  m_CorrespondingSourceObject: {fileID: 0}
  m_PrefabInstance: {fileID: 0}
  m_PrefabAsset: {fileID: 0}
  m_GameObject: {fileID: 7030903919767088431}
  m_CullTransparentMesh: 1
--- !u!114 &2082130461977766143
MonoBehaviour:
  m_ObjectHideFlags: 0
  m_CorrespondingSourceObject: {fileID: 0}
  m_PrefabInstance: {fileID: 0}
  m_PrefabAsset: {fileID: 0}
  m_GameObject: {fileID: 7030903919767088431}
  m_Enabled: 1
  m_EditorHideFlags: 0
  m_Script: {fileID: 11500000, guid: f4688fdb7df04437aeb418b961361dc5, type: 3}
  m_Name: 
  m_EditorClassIdentifier: 
  m_Material: {fileID: 0}
  m_Color: {r: 1, g: 1, b: 1, a: 1}
  m_RaycastTarget: 1
  m_RaycastPadding: {x: 0, y: 0, z: 0, w: 0}
  m_Maskable: 1
  m_OnCullStateChanged:
    m_PersistentCalls:
      m_Calls: []
  m_text: 1/9
  m_isRightToLeft: 0
  m_fontAsset: {fileID: 11400000, guid: 8f586378b4e144a9851e7b34d9b748ee, type: 2}
  m_sharedMaterial: {fileID: 2180264, guid: 8f586378b4e144a9851e7b34d9b748ee, type: 2}
  m_fontSharedMaterials: []
  m_fontMaterial: {fileID: 0}
  m_fontMaterials: []
  m_fontColor32:
    serializedVersion: 2
    rgba: 4281479730
  m_fontColor: {r: 0.19607843, g: 0.19607843, b: 0.19607843, a: 1}
  m_enableVertexGradient: 0
  m_colorMode: 3
  m_fontColorGradient:
    topLeft: {r: 1, g: 1, b: 1, a: 1}
    topRight: {r: 1, g: 1, b: 1, a: 1}
    bottomLeft: {r: 1, g: 1, b: 1, a: 1}
    bottomRight: {r: 1, g: 1, b: 1, a: 1}
  m_fontColorGradientPreset: {fileID: 0}
  m_spriteAsset: {fileID: 0}
  m_tintAllSprites: 0
  m_StyleSheet: {fileID: 0}
  m_TextStyleHashCode: -1183493901
  m_overrideHtmlColors: 0
  m_faceColor:
    serializedVersion: 2
    rgba: 4294967295
  m_fontSize: 22
  m_fontSizeBase: 22
  m_fontWeight: 400
  m_enableAutoSizing: 0
  m_fontSizeMin: 18
  m_fontSizeMax: 72
  m_fontStyle: 0
  m_HorizontalAlignment: 2
  m_VerticalAlignment: 512
  m_textAlignment: 65535
  m_characterSpacing: 0
  m_wordSpacing: 0
  m_lineSpacing: 0
  m_lineSpacingMax: 0
  m_paragraphSpacing: 0
  m_charWidthMaxAdj: 0
  m_enableWordWrapping: 1
  m_wordWrappingRatios: 0.4
  m_overflowMode: 0
  m_linkedTextComponent: {fileID: 0}
  parentLinkedComponent: {fileID: 0}
  m_enableKerning: 1
  m_enableExtraPadding: 0
  checkPaddingRequired: 0
  m_isRichText: 1
  m_parseCtrlCharacters: 1
  m_isOrthographic: 1
  m_isCullingEnabled: 0
  m_horizontalMapping: 0
  m_verticalMapping: 0
  m_uvLineOffset: 0
  m_geometrySortingOrder: 0
  m_IsTextObjectScaleStatic: 0
  m_VertexBufferAutoSizeReduction: 0
  m_useMaxVisibleDescender: 1
  m_pageToDisplay: 1
  m_margin: {x: 0, y: 0, z: 0, w: 0}
  m_isUsingLegacyAnimationComponent: 0
  m_isVolumetricText: 0
  m_hasFontAssetChanged: 0
  m_baseMaterial: {fileID: 0}
  m_maskOffset: {x: 0, y: 0, z: 0, w: 0}
--- !u!114 &3773275733469573380
MonoBehaviour:
  m_ObjectHideFlags: 0
  m_CorrespondingSourceObject: {fileID: 0}
  m_PrefabInstance: {fileID: 0}
  m_PrefabAsset: {fileID: 0}
  m_GameObject: {fileID: 7030903919767088431}
  m_Enabled: 1
  m_EditorHideFlags: 0
  m_Script: {fileID: 11500000, guid: 306cc8c2b49d7114eaa3623786fc2126, type: 3}
  m_Name: 
  m_EditorClassIdentifier: 
  m_IgnoreLayout: 1
  m_MinWidth: -1
  m_MinHeight: -1
  m_PreferredWidth: -1
  m_PreferredHeight: -1
  m_FlexibleWidth: -1
  m_FlexibleHeight: -1
  m_LayoutPriority: 1
--- !u!114 &66068502688586630
MonoBehaviour:
  m_ObjectHideFlags: 0
  m_CorrespondingSourceObject: {fileID: 0}
  m_PrefabInstance: {fileID: 0}
  m_PrefabAsset: {fileID: 0}
  m_GameObject: {fileID: 7030903919767088431}
  m_Enabled: 1
  m_EditorHideFlags: 0
  m_Script: {fileID: 11500000, guid: e2da6054be14add4ca66d78069ebefcb, type: 3}
  m_Name: 
  m_EditorClassIdentifier: 
  id: id_icons_popup_title
--- !u!1 &7440939583319219307
GameObject:
  m_ObjectHideFlags: 0
  m_CorrespondingSourceObject: {fileID: 0}
  m_PrefabInstance: {fileID: 0}
  m_PrefabAsset: {fileID: 0}
  serializedVersion: 6
  m_Component:
  - component: {fileID: 7337462028399579667}
  - component: {fileID: 8782507482892701445}
  - component: {fileID: 59936727694192561}
  - component: {fileID: 4478570438089148606}
  m_Layer: 5
  m_Name: BkgBlack
  m_TagString: Untagged
  m_Icon: {fileID: 0}
  m_NavMeshLayer: 0
  m_StaticEditorFlags: 0
  m_IsActive: 1
--- !u!224 &7337462028399579667
RectTransform:
  m_ObjectHideFlags: 0
  m_CorrespondingSourceObject: {fileID: 0}
  m_PrefabInstance: {fileID: 0}
  m_PrefabAsset: {fileID: 0}
  m_GameObject: {fileID: 7440939583319219307}
  m_LocalRotation: {x: 0, y: 0, z: 0, w: 1}
  m_LocalPosition: {x: 0, y: 0, z: 0}
  m_LocalScale: {x: 1, y: 1, z: 1}
  m_ConstrainProportionsScale: 0
  m_Children: []
  m_Father: {fileID: 4939705339920805138}
  m_RootOrder: 0
  m_LocalEulerAnglesHint: {x: 0, y: 0, z: 0}
  m_AnchorMin: {x: 0, y: 0}
  m_AnchorMax: {x: 1, y: 1}
  m_AnchoredPosition: {x: 0, y: 0}
  m_SizeDelta: {x: 0, y: 0}
  m_Pivot: {x: 0.5, y: 0.5}
--- !u!222 &8782507482892701445
CanvasRenderer:
  m_ObjectHideFlags: 0
  m_CorrespondingSourceObject: {fileID: 0}
  m_PrefabInstance: {fileID: 0}
  m_PrefabAsset: {fileID: 0}
  m_GameObject: {fileID: 7440939583319219307}
  m_CullTransparentMesh: 1
--- !u!114 &59936727694192561
MonoBehaviour:
  m_ObjectHideFlags: 0
  m_CorrespondingSourceObject: {fileID: 0}
  m_PrefabInstance: {fileID: 0}
  m_PrefabAsset: {fileID: 0}
  m_GameObject: {fileID: 7440939583319219307}
  m_Enabled: 1
  m_EditorHideFlags: 0
  m_Script: {fileID: 11500000, guid: fe87c0e1cc204ed48ad3b37840f39efc, type: 3}
  m_Name: 
  m_EditorClassIdentifier: 
  m_Material: {fileID: 0}
  m_Color: {r: 0, g: 0, b: 0, a: 0.78431374}
  m_RaycastTarget: 1
  m_RaycastPadding: {x: 0, y: 0, z: 0, w: 0}
  m_Maskable: 1
  m_OnCullStateChanged:
    m_PersistentCalls:
      m_Calls: []
  m_Sprite: {fileID: 0}
  m_Type: 1
  m_PreserveAspect: 0
  m_FillCenter: 1
  m_FillMethod: 4
  m_FillAmount: 1
  m_FillClockwise: 1
  m_FillOrigin: 0
  m_UseSpriteMesh: 0
  m_PixelsPerUnitMultiplier: 1
--- !u!114 &4478570438089148606
MonoBehaviour:
  m_ObjectHideFlags: 0
  m_CorrespondingSourceObject: {fileID: 0}
  m_PrefabInstance: {fileID: 0}
  m_PrefabAsset: {fileID: 0}
  m_GameObject: {fileID: 7440939583319219307}
  m_Enabled: 1
  m_EditorHideFlags: 0
  m_Script: {fileID: 11500000, guid: 4e29b1a8efbd4b44bb3f3716e73f07ff, type: 3}
  m_Name: 
  m_EditorClassIdentifier: 
  m_Navigation:
    m_Mode: 3
    m_WrapAround: 0
    m_SelectOnUp: {fileID: 0}
    m_SelectOnDown: {fileID: 0}
    m_SelectOnLeft: {fileID: 0}
    m_SelectOnRight: {fileID: 0}
  m_Transition: 0
  m_Colors:
    m_NormalColor: {r: 1, g: 1, b: 1, a: 1}
    m_HighlightedColor: {r: 0.9607843, g: 0.9607843, b: 0.9607843, a: 1}
    m_PressedColor: {r: 0.78431374, g: 0.78431374, b: 0.78431374, a: 1}
    m_SelectedColor: {r: 0.9607843, g: 0.9607843, b: 0.9607843, a: 1}
    m_DisabledColor: {r: 0.78431374, g: 0.78431374, b: 0.78431374, a: 0.5019608}
    m_ColorMultiplier: 1
    m_FadeDuration: 0.1
  m_SpriteState:
    m_HighlightedSprite: {fileID: 0}
    m_PressedSprite: {fileID: 0}
    m_SelectedSprite: {fileID: 0}
    m_DisabledSprite: {fileID: 0}
  m_AnimationTriggers:
    m_NormalTrigger: Normal
    m_HighlightedTrigger: Highlighted
    m_PressedTrigger: Pressed
    m_SelectedTrigger: Selected
    m_DisabledTrigger: Disabled
  m_Interactable: 1
  m_TargetGraphic: {fileID: 59936727694192561}
  m_OnClick:
    m_PersistentCalls:
      m_Calls: []
--- !u!1 &8230162885987207370
GameObject:
  m_ObjectHideFlags: 0
  m_CorrespondingSourceObject: {fileID: 0}
  m_PrefabInstance: {fileID: 0}
  m_PrefabAsset: {fileID: 0}
  serializedVersion: 6
  m_Component:
  - component: {fileID: 7095903918715530240}
  - component: {fileID: 8855546749580408343}
  - component: {fileID: 3743814102620564997}
  - component: {fileID: 7546689737937539867}
  m_Layer: 5
  m_Name: Viewport
  m_TagString: Untagged
  m_Icon: {fileID: 0}
  m_NavMeshLayer: 0
  m_StaticEditorFlags: 0
  m_IsActive: 1
--- !u!224 &7095903918715530240
RectTransform:
  m_ObjectHideFlags: 0
  m_CorrespondingSourceObject: {fileID: 0}
  m_PrefabInstance: {fileID: 0}
  m_PrefabAsset: {fileID: 0}
  m_GameObject: {fileID: 8230162885987207370}
  m_LocalRotation: {x: -0, y: -0, z: -0, w: 1}
  m_LocalPosition: {x: 0, y: 0, z: 0}
  m_LocalScale: {x: 1, y: 1, z: 1}
  m_ConstrainProportionsScale: 0
  m_Children:
  - {fileID: 6928712038295568247}
  m_Father: {fileID: 7987403947120177848}
  m_RootOrder: 0
  m_LocalEulerAnglesHint: {x: 0, y: 0, z: 0}
  m_AnchorMin: {x: 0, y: 0}
  m_AnchorMax: {x: 0, y: 0}
  m_AnchoredPosition: {x: 0, y: 0}
  m_SizeDelta: {x: 0, y: 0}
  m_Pivot: {x: 0, y: 1}
--- !u!222 &8855546749580408343
CanvasRenderer:
  m_ObjectHideFlags: 0
  m_CorrespondingSourceObject: {fileID: 0}
  m_PrefabInstance: {fileID: 0}
  m_PrefabAsset: {fileID: 0}
  m_GameObject: {fileID: 8230162885987207370}
  m_CullTransparentMesh: 1
--- !u!114 &3743814102620564997
MonoBehaviour:
  m_ObjectHideFlags: 0
  m_CorrespondingSourceObject: {fileID: 0}
  m_PrefabInstance: {fileID: 0}
  m_PrefabAsset: {fileID: 0}
  m_GameObject: {fileID: 8230162885987207370}
  m_Enabled: 1
  m_EditorHideFlags: 0
  m_Script: {fileID: 11500000, guid: fe87c0e1cc204ed48ad3b37840f39efc, type: 3}
  m_Name: 
  m_EditorClassIdentifier: 
  m_Material: {fileID: 0}
  m_Color: {r: 1, g: 1, b: 1, a: 1}
  m_RaycastTarget: 1
  m_RaycastPadding: {x: 0, y: 0, z: 0, w: 0}
  m_Maskable: 1
  m_OnCullStateChanged:
    m_PersistentCalls:
      m_Calls: []
  m_Sprite: {fileID: 10917, guid: 0000000000000000f000000000000000, type: 0}
  m_Type: 1
  m_PreserveAspect: 0
  m_FillCenter: 1
  m_FillMethod: 4
  m_FillAmount: 1
  m_FillClockwise: 1
  m_FillOrigin: 0
  m_UseSpriteMesh: 0
  m_PixelsPerUnitMultiplier: 1
--- !u!114 &7546689737937539867
MonoBehaviour:
  m_ObjectHideFlags: 0
  m_CorrespondingSourceObject: {fileID: 0}
  m_PrefabInstance: {fileID: 0}
  m_PrefabAsset: {fileID: 0}
  m_GameObject: {fileID: 8230162885987207370}
  m_Enabled: 1
  m_EditorHideFlags: 0
  m_Script: {fileID: 11500000, guid: 31a19414c41e5ae4aae2af33fee712f6, type: 3}
  m_Name: 
  m_EditorClassIdentifier: 
  m_ShowMaskGraphic: 0
--- !u!1 &8907222943337292924
GameObject:
  m_ObjectHideFlags: 0
  m_CorrespondingSourceObject: {fileID: 0}
  m_PrefabInstance: {fileID: 0}
  m_PrefabAsset: {fileID: 0}
  serializedVersion: 6
  m_Component:
  - component: {fileID: 7987403947120177848}
  - component: {fileID: 4334682579637749483}
  - component: {fileID: 2647226735352579053}
  - component: {fileID: 3686757540667600995}
  m_Layer: 5
  m_Name: Scroll View
  m_TagString: Untagged
  m_Icon: {fileID: 0}
  m_NavMeshLayer: 0
  m_StaticEditorFlags: 0
  m_IsActive: 1
--- !u!224 &7987403947120177848
RectTransform:
  m_ObjectHideFlags: 0
  m_CorrespondingSourceObject: {fileID: 0}
  m_PrefabInstance: {fileID: 0}
  m_PrefabAsset: {fileID: 0}
  m_GameObject: {fileID: 8907222943337292924}
  m_LocalRotation: {x: 0, y: 0, z: 0, w: 1}
  m_LocalPosition: {x: 0, y: 0, z: 0}
  m_LocalScale: {x: 1, y: 1, z: 1}
  m_ConstrainProportionsScale: 0
  m_Children:
  - {fileID: 7095903918715530240}
  - {fileID: 5990611388140048261}
  m_Father: {fileID: 8300189973542873389}
  m_RootOrder: 3
  m_LocalEulerAnglesHint: {x: 0, y: 0, z: 0}
  m_AnchorMin: {x: 0, y: 0}
  m_AnchorMax: {x: 1, y: 1}
  m_AnchoredPosition: {x: 0, y: 71.99999}
  m_SizeDelta: {x: -32, y: -336}
  m_Pivot: {x: 0.5, y: 0.5}
--- !u!222 &4334682579637749483
CanvasRenderer:
  m_ObjectHideFlags: 0
  m_CorrespondingSourceObject: {fileID: 0}
  m_PrefabInstance: {fileID: 0}
  m_PrefabAsset: {fileID: 0}
  m_GameObject: {fileID: 8907222943337292924}
  m_CullTransparentMesh: 1
--- !u!114 &2647226735352579053
MonoBehaviour:
  m_ObjectHideFlags: 0
  m_CorrespondingSourceObject: {fileID: 0}
  m_PrefabInstance: {fileID: 0}
  m_PrefabAsset: {fileID: 0}
  m_GameObject: {fileID: 8907222943337292924}
  m_Enabled: 1
  m_EditorHideFlags: 0
  m_Script: {fileID: 11500000, guid: fe87c0e1cc204ed48ad3b37840f39efc, type: 3}
  m_Name: 
  m_EditorClassIdentifier: 
  m_Material: {fileID: 0}
  m_Color: {r: 1, g: 1, b: 1, a: 0.392}
  m_RaycastTarget: 1
  m_RaycastPadding: {x: 0, y: 0, z: 0, w: 0}
  m_Maskable: 1
  m_OnCullStateChanged:
    m_PersistentCalls:
      m_Calls: []
  m_Sprite: {fileID: 10907, guid: 0000000000000000f000000000000000, type: 0}
  m_Type: 1
  m_PreserveAspect: 0
  m_FillCenter: 1
  m_FillMethod: 4
  m_FillAmount: 1
  m_FillClockwise: 1
  m_FillOrigin: 0
  m_UseSpriteMesh: 0
  m_PixelsPerUnitMultiplier: 1
--- !u!114 &3686757540667600995
MonoBehaviour:
  m_ObjectHideFlags: 0
  m_CorrespondingSourceObject: {fileID: 0}
  m_PrefabInstance: {fileID: 0}
  m_PrefabAsset: {fileID: 0}
  m_GameObject: {fileID: 8907222943337292924}
  m_Enabled: 1
  m_EditorHideFlags: 0
  m_Script: {fileID: 11500000, guid: 1aa08ab6e0800fa44ae55d278d1423e3, type: 3}
  m_Name: 
  m_EditorClassIdentifier: 
  m_Content: {fileID: 6928712038295568247}
  m_Horizontal: 0
  m_Vertical: 1
  m_MovementType: 1
  m_Elasticity: 0.1
  m_Inertia: 1
  m_DecelerationRate: 0.135
  m_ScrollSensitivity: 1
  m_Viewport: {fileID: 7095903918715530240}
  m_HorizontalScrollbar: {fileID: 0}
  m_VerticalScrollbar: {fileID: 2267858708578998516}
  m_HorizontalScrollbarVisibility: 2
  m_VerticalScrollbarVisibility: 2
  m_HorizontalScrollbarSpacing: -3
  m_VerticalScrollbarSpacing: -3
  m_OnValueChanged:
    m_PersistentCalls:
      m_Calls: []
--- !u!1001 &1695706764105617028
PrefabInstance:
  m_ObjectHideFlags: 0
  serializedVersion: 2
  m_Modification:
    m_TransformParent: {fileID: 8300189973542873389}
    m_Modifications:
    - target: {fileID: 1807037551353391961, guid: 63a22f425364cf54d8dcfa160590a739, type: 3}
      propertyPath: m_Name
      value: HelpButton
      objectReference: {fileID: 0}
    - target: {fileID: 1807037551353391962, guid: 63a22f425364cf54d8dcfa160590a739, type: 3}
      propertyPath: m_Pivot.x
      value: 1
      objectReference: {fileID: 0}
    - target: {fileID: 1807037551353391962, guid: 63a22f425364cf54d8dcfa160590a739, type: 3}
      propertyPath: m_Pivot.y
      value: 1
      objectReference: {fileID: 0}
    - target: {fileID: 1807037551353391962, guid: 63a22f425364cf54d8dcfa160590a739, type: 3}
      propertyPath: m_RootOrder
      value: 1
      objectReference: {fileID: 0}
    - target: {fileID: 1807037551353391962, guid: 63a22f425364cf54d8dcfa160590a739, type: 3}
      propertyPath: m_AnchorMax.x
      value: 1
      objectReference: {fileID: 0}
    - target: {fileID: 1807037551353391962, guid: 63a22f425364cf54d8dcfa160590a739, type: 3}
      propertyPath: m_AnchorMax.y
      value: 1
      objectReference: {fileID: 0}
    - target: {fileID: 1807037551353391962, guid: 63a22f425364cf54d8dcfa160590a739, type: 3}
      propertyPath: m_AnchorMin.x
      value: 1
      objectReference: {fileID: 0}
    - target: {fileID: 1807037551353391962, guid: 63a22f425364cf54d8dcfa160590a739, type: 3}
      propertyPath: m_AnchorMin.y
      value: 1
      objectReference: {fileID: 0}
    - target: {fileID: 1807037551353391962, guid: 63a22f425364cf54d8dcfa160590a739, type: 3}
      propertyPath: m_SizeDelta.x
      value: 40
      objectReference: {fileID: 0}
    - target: {fileID: 1807037551353391962, guid: 63a22f425364cf54d8dcfa160590a739, type: 3}
      propertyPath: m_SizeDelta.y
      value: 40
      objectReference: {fileID: 0}
    - target: {fileID: 1807037551353391962, guid: 63a22f425364cf54d8dcfa160590a739, type: 3}
      propertyPath: m_LocalPosition.x
      value: 0
      objectReference: {fileID: 0}
    - target: {fileID: 1807037551353391962, guid: 63a22f425364cf54d8dcfa160590a739, type: 3}
      propertyPath: m_LocalPosition.y
      value: 0
      objectReference: {fileID: 0}
    - target: {fileID: 1807037551353391962, guid: 63a22f425364cf54d8dcfa160590a739, type: 3}
      propertyPath: m_LocalPosition.z
      value: 0
      objectReference: {fileID: 0}
    - target: {fileID: 1807037551353391962, guid: 63a22f425364cf54d8dcfa160590a739, type: 3}
      propertyPath: m_LocalRotation.w
      value: 1
      objectReference: {fileID: 0}
    - target: {fileID: 1807037551353391962, guid: 63a22f425364cf54d8dcfa160590a739, type: 3}
      propertyPath: m_LocalRotation.x
      value: -0
      objectReference: {fileID: 0}
    - target: {fileID: 1807037551353391962, guid: 63a22f425364cf54d8dcfa160590a739, type: 3}
      propertyPath: m_LocalRotation.y
      value: -0
      objectReference: {fileID: 0}
    - target: {fileID: 1807037551353391962, guid: 63a22f425364cf54d8dcfa160590a739, type: 3}
      propertyPath: m_LocalRotation.z
      value: -0
      objectReference: {fileID: 0}
    - target: {fileID: 1807037551353391962, guid: 63a22f425364cf54d8dcfa160590a739, type: 3}
      propertyPath: m_AnchoredPosition.x
      value: -12
      objectReference: {fileID: 0}
    - target: {fileID: 1807037551353391962, guid: 63a22f425364cf54d8dcfa160590a739, type: 3}
      propertyPath: m_AnchoredPosition.y
      value: -12
      objectReference: {fileID: 0}
    - target: {fileID: 1807037551353391962, guid: 63a22f425364cf54d8dcfa160590a739, type: 3}
      propertyPath: m_LocalEulerAnglesHint.x
      value: 0
      objectReference: {fileID: 0}
    - target: {fileID: 1807037551353391962, guid: 63a22f425364cf54d8dcfa160590a739, type: 3}
      propertyPath: m_LocalEulerAnglesHint.y
      value: 0
      objectReference: {fileID: 0}
    - target: {fileID: 1807037551353391962, guid: 63a22f425364cf54d8dcfa160590a739, type: 3}
      propertyPath: m_LocalEulerAnglesHint.z
      value: 0
      objectReference: {fileID: 0}
    - target: {fileID: 3938538917614084861, guid: 63a22f425364cf54d8dcfa160590a739, type: 3}
      propertyPath: _titleTextId
      value: id_help_title
      objectReference: {fileID: 0}
    - target: {fileID: 3938538917614084861, guid: 63a22f425364cf54d8dcfa160590a739, type: 3}
      propertyPath: _contentTextId
      value: id_help_icons_categories
      objectReference: {fileID: 0}
    m_RemovedComponents: []
  m_SourcePrefab: {fileID: 100100000, guid: 63a22f425364cf54d8dcfa160590a739, type: 3}
--- !u!224 &1052645242698458590 stripped
RectTransform:
  m_CorrespondingSourceObject: {fileID: 1807037551353391962, guid: 63a22f425364cf54d8dcfa160590a739, type: 3}
  m_PrefabInstance: {fileID: 1695706764105617028}
  m_PrefabAsset: {fileID: 0}
--- !u!1001 &4381030213029168859
PrefabInstance:
  m_ObjectHideFlags: 0
  serializedVersion: 2
  m_Modification:
    m_TransformParent: {fileID: 8300189973542873389}
    m_Modifications:
    - target: {fileID: 5061818947102279333, guid: fa4efbd782d13e742af8ca545d222762, type: 3}
      propertyPath: m_Name
      value: TextButton_OK
      objectReference: {fileID: 0}
    - target: {fileID: 5061818947102279334, guid: fa4efbd782d13e742af8ca545d222762, type: 3}
      propertyPath: m_Pivot.x
      value: 0.5
      objectReference: {fileID: 0}
    - target: {fileID: 5061818947102279334, guid: fa4efbd782d13e742af8ca545d222762, type: 3}
      propertyPath: m_Pivot.y
      value: 0
      objectReference: {fileID: 0}
    - target: {fileID: 5061818947102279334, guid: fa4efbd782d13e742af8ca545d222762, type: 3}
      propertyPath: m_RootOrder
      value: 6
      objectReference: {fileID: 0}
    - target: {fileID: 5061818947102279334, guid: fa4efbd782d13e742af8ca545d222762, type: 3}
      propertyPath: m_AnchorMax.x
      value: 0.5
      objectReference: {fileID: 0}
    - target: {fileID: 5061818947102279334, guid: fa4efbd782d13e742af8ca545d222762, type: 3}
      propertyPath: m_AnchorMax.y
      value: 0
      objectReference: {fileID: 0}
    - target: {fileID: 5061818947102279334, guid: fa4efbd782d13e742af8ca545d222762, type: 3}
      propertyPath: m_AnchorMin.x
      value: 0.5
      objectReference: {fileID: 0}
    - target: {fileID: 5061818947102279334, guid: fa4efbd782d13e742af8ca545d222762, type: 3}
      propertyPath: m_AnchorMin.y
      value: 0
      objectReference: {fileID: 0}
    - target: {fileID: 5061818947102279334, guid: fa4efbd782d13e742af8ca545d222762, type: 3}
      propertyPath: m_SizeDelta.x
      value: 200
      objectReference: {fileID: 0}
    - target: {fileID: 5061818947102279334, guid: fa4efbd782d13e742af8ca545d222762, type: 3}
      propertyPath: m_SizeDelta.y
      value: 60
      objectReference: {fileID: 0}
    - target: {fileID: 5061818947102279334, guid: fa4efbd782d13e742af8ca545d222762, type: 3}
      propertyPath: m_LocalPosition.x
      value: 0
      objectReference: {fileID: 0}
    - target: {fileID: 5061818947102279334, guid: fa4efbd782d13e742af8ca545d222762, type: 3}
      propertyPath: m_LocalPosition.y
      value: 0
      objectReference: {fileID: 0}
    - target: {fileID: 5061818947102279334, guid: fa4efbd782d13e742af8ca545d222762, type: 3}
      propertyPath: m_LocalPosition.z
      value: 0
      objectReference: {fileID: 0}
    - target: {fileID: 5061818947102279334, guid: fa4efbd782d13e742af8ca545d222762, type: 3}
      propertyPath: m_LocalRotation.w
      value: 1
      objectReference: {fileID: 0}
    - target: {fileID: 5061818947102279334, guid: fa4efbd782d13e742af8ca545d222762, type: 3}
      propertyPath: m_LocalRotation.x
      value: -0
      objectReference: {fileID: 0}
    - target: {fileID: 5061818947102279334, guid: fa4efbd782d13e742af8ca545d222762, type: 3}
      propertyPath: m_LocalRotation.y
      value: -0
      objectReference: {fileID: 0}
    - target: {fileID: 5061818947102279334, guid: fa4efbd782d13e742af8ca545d222762, type: 3}
      propertyPath: m_LocalRotation.z
      value: -0
      objectReference: {fileID: 0}
    - target: {fileID: 5061818947102279334, guid: fa4efbd782d13e742af8ca545d222762, type: 3}
      propertyPath: m_AnchoredPosition.x
      value: 0
      objectReference: {fileID: 0}
    - target: {fileID: 5061818947102279334, guid: fa4efbd782d13e742af8ca545d222762, type: 3}
      propertyPath: m_AnchoredPosition.y
      value: 16
      objectReference: {fileID: 0}
    - target: {fileID: 5061818947102279334, guid: fa4efbd782d13e742af8ca545d222762, type: 3}
      propertyPath: m_LocalEulerAnglesHint.x
      value: 0
      objectReference: {fileID: 0}
    - target: {fileID: 5061818947102279334, guid: fa4efbd782d13e742af8ca545d222762, type: 3}
      propertyPath: m_LocalEulerAnglesHint.y
      value: 0
      objectReference: {fileID: 0}
    - target: {fileID: 5061818947102279334, guid: fa4efbd782d13e742af8ca545d222762, type: 3}
      propertyPath: m_LocalEulerAnglesHint.z
      value: 0
      objectReference: {fileID: 0}
    - target: {fileID: 5061818948652476584, guid: fa4efbd782d13e742af8ca545d222762, type: 3}
      propertyPath: m_text
      value: OK
      objectReference: {fileID: 0}
    m_RemovedComponents: []
  m_SourcePrefab: {fileID: 100100000, guid: fa4efbd782d13e742af8ca545d222762, type: 3}
--- !u!114 &8859629709806534780 stripped
MonoBehaviour:
  m_CorrespondingSourceObject: {fileID: 5061818947102279335, guid: fa4efbd782d13e742af8ca545d222762, type: 3}
  m_PrefabInstance: {fileID: 4381030213029168859}
  m_PrefabAsset: {fileID: 0}
  m_GameObject: {fileID: 0}
  m_Enabled: 1
  m_EditorHideFlags: 0
  m_Script: {fileID: 11500000, guid: 4e29b1a8efbd4b44bb3f3716e73f07ff, type: 3}
  m_Name: 
  m_EditorClassIdentifier: 
--- !u!224 &8859629709806534781 stripped
RectTransform:
  m_CorrespondingSourceObject: {fileID: 5061818947102279334, guid: fa4efbd782d13e742af8ca545d222762, type: 3}
  m_PrefabInstance: {fileID: 4381030213029168859}
  m_PrefabAsset: {fileID: 0}
--- !u!1001 &4404292169890777832
PrefabInstance:
  m_ObjectHideFlags: 0
  serializedVersion: 2
  m_Modification:
    m_TransformParent: {fileID: 6928712038295568247}
    m_Modifications:
    - target: {fileID: 2021164258646275791, guid: 18154d933b1331a4eb4088c47afabb27, type: 3}
      propertyPath: _category
      value: 2
      objectReference: {fileID: 0}
    - target: {fileID: 2021164258646275791, guid: 18154d933b1331a4eb4088c47afabb27, type: 3}
      propertyPath: _endIconIndex
      value: 20
      objectReference: {fileID: 0}
    - target: {fileID: 2021164258646275791, guid: 18154d933b1331a4eb4088c47afabb27, type: 3}
      propertyPath: _startIconIndex
      value: 17
      objectReference: {fileID: 0}
    - target: {fileID: 2021164258646275791, guid: 18154d933b1331a4eb4088c47afabb27, type: 3}
      propertyPath: _allowMultipleSelection
      value: 1
      objectReference: {fileID: 0}
    - target: {fileID: 7314287369772872891, guid: 18154d933b1331a4eb4088c47afabb27, type: 3}
      propertyPath: m_Name
      value: UI_IconsCategory_senses
      objectReference: {fileID: 0}
    - target: {fileID: 7963476736152347219, guid: 18154d933b1331a4eb4088c47afabb27, type: 3}
      propertyPath: m_Pivot.x
      value: 0.5
      objectReference: {fileID: 0}
    - target: {fileID: 7963476736152347219, guid: 18154d933b1331a4eb4088c47afabb27, type: 3}
      propertyPath: m_Pivot.y
      value: 1
      objectReference: {fileID: 0}
    - target: {fileID: 7963476736152347219, guid: 18154d933b1331a4eb4088c47afabb27, type: 3}
      propertyPath: m_RootOrder
      value: 2
      objectReference: {fileID: 0}
    - target: {fileID: 7963476736152347219, guid: 18154d933b1331a4eb4088c47afabb27, type: 3}
      propertyPath: m_AnchorMax.x
      value: 0
      objectReference: {fileID: 0}
    - target: {fileID: 7963476736152347219, guid: 18154d933b1331a4eb4088c47afabb27, type: 3}
      propertyPath: m_AnchorMax.y
      value: 0
      objectReference: {fileID: 0}
    - target: {fileID: 7963476736152347219, guid: 18154d933b1331a4eb4088c47afabb27, type: 3}
      propertyPath: m_AnchorMin.x
      value: 0
      objectReference: {fileID: 0}
    - target: {fileID: 7963476736152347219, guid: 18154d933b1331a4eb4088c47afabb27, type: 3}
      propertyPath: m_AnchorMin.y
      value: 0
      objectReference: {fileID: 0}
    - target: {fileID: 7963476736152347219, guid: 18154d933b1331a4eb4088c47afabb27, type: 3}
      propertyPath: m_SizeDelta.x
      value: 0
      objectReference: {fileID: 0}
    - target: {fileID: 7963476736152347219, guid: 18154d933b1331a4eb4088c47afabb27, type: 3}
      propertyPath: m_SizeDelta.y
      value: 180
      objectReference: {fileID: 0}
    - target: {fileID: 7963476736152347219, guid: 18154d933b1331a4eb4088c47afabb27, type: 3}
      propertyPath: m_LocalPosition.x
      value: 0
      objectReference: {fileID: 0}
    - target: {fileID: 7963476736152347219, guid: 18154d933b1331a4eb4088c47afabb27, type: 3}
      propertyPath: m_LocalPosition.y
      value: 0
      objectReference: {fileID: 0}
    - target: {fileID: 7963476736152347219, guid: 18154d933b1331a4eb4088c47afabb27, type: 3}
      propertyPath: m_LocalPosition.z
      value: 0
      objectReference: {fileID: 0}
    - target: {fileID: 7963476736152347219, guid: 18154d933b1331a4eb4088c47afabb27, type: 3}
      propertyPath: m_LocalRotation.w
      value: 1
      objectReference: {fileID: 0}
    - target: {fileID: 7963476736152347219, guid: 18154d933b1331a4eb4088c47afabb27, type: 3}
      propertyPath: m_LocalRotation.x
      value: -0
      objectReference: {fileID: 0}
    - target: {fileID: 7963476736152347219, guid: 18154d933b1331a4eb4088c47afabb27, type: 3}
      propertyPath: m_LocalRotation.y
      value: -0
      objectReference: {fileID: 0}
    - target: {fileID: 7963476736152347219, guid: 18154d933b1331a4eb4088c47afabb27, type: 3}
      propertyPath: m_LocalRotation.z
      value: -0
      objectReference: {fileID: 0}
    - target: {fileID: 7963476736152347219, guid: 18154d933b1331a4eb4088c47afabb27, type: 3}
      propertyPath: m_AnchoredPosition.x
      value: 0
      objectReference: {fileID: 0}
    - target: {fileID: 7963476736152347219, guid: 18154d933b1331a4eb4088c47afabb27, type: 3}
      propertyPath: m_AnchoredPosition.y
      value: 0
      objectReference: {fileID: 0}
    - target: {fileID: 7963476736152347219, guid: 18154d933b1331a4eb4088c47afabb27, type: 3}
      propertyPath: m_LocalEulerAnglesHint.x
      value: 0
      objectReference: {fileID: 0}
    - target: {fileID: 7963476736152347219, guid: 18154d933b1331a4eb4088c47afabb27, type: 3}
      propertyPath: m_LocalEulerAnglesHint.y
      value: 0
      objectReference: {fileID: 0}
    - target: {fileID: 7963476736152347219, guid: 18154d933b1331a4eb4088c47afabb27, type: 3}
      propertyPath: m_LocalEulerAnglesHint.z
      value: 0
      objectReference: {fileID: 0}
    m_RemovedComponents: []
  m_SourcePrefab: {fileID: 100100000, guid: 18154d933b1331a4eb4088c47afabb27, type: 3}
--- !u!114 &2383440267170315303 stripped
MonoBehaviour:
  m_CorrespondingSourceObject: {fileID: 2021164258646275791, guid: 18154d933b1331a4eb4088c47afabb27, type: 3}
  m_PrefabInstance: {fileID: 4404292169890777832}
  m_PrefabAsset: {fileID: 0}
  m_GameObject: {fileID: 0}
  m_Enabled: 1
  m_EditorHideFlags: 0
  m_Script: {fileID: 11500000, guid: 17f6412f14bab3540b3cab72c3717ffd, type: 3}
  m_Name: 
  m_EditorClassIdentifier: 
--- !u!224 &6024905368691108027 stripped
RectTransform:
  m_CorrespondingSourceObject: {fileID: 7963476736152347219, guid: 18154d933b1331a4eb4088c47afabb27, type: 3}
  m_PrefabInstance: {fileID: 4404292169890777832}
  m_PrefabAsset: {fileID: 0}
--- !u!1001 &5360834573611234810
PrefabInstance:
  m_ObjectHideFlags: 0
  serializedVersion: 2
  m_Modification:
    m_TransformParent: {fileID: 6928712038295568247}
    m_Modifications:
    - target: {fileID: 2021164258646275791, guid: 18154d933b1331a4eb4088c47afabb27, type: 3}
      propertyPath: _category
      value: 5
      objectReference: {fileID: 0}
    - target: {fileID: 2021164258646275791, guid: 18154d933b1331a4eb4088c47afabb27, type: 3}
      propertyPath: _endIconIndex
      value: 43
      objectReference: {fileID: 0}
    - target: {fileID: 2021164258646275791, guid: 18154d933b1331a4eb4088c47afabb27, type: 3}
      propertyPath: _startIconIndex
      value: 30
      objectReference: {fileID: 0}
    - target: {fileID: 2021164258646275791, guid: 18154d933b1331a4eb4088c47afabb27, type: 3}
      propertyPath: _allowMultipleSelection
      value: 0
      objectReference: {fileID: 0}
    - target: {fileID: 7314287369772872891, guid: 18154d933b1331a4eb4088c47afabb27, type: 3}
      propertyPath: m_Name
      value: UI_IconsCategory_missions
      objectReference: {fileID: 0}
    - target: {fileID: 7963476736152347219, guid: 18154d933b1331a4eb4088c47afabb27, type: 3}
      propertyPath: m_Pivot.x
      value: 0.5
      objectReference: {fileID: 0}
    - target: {fileID: 7963476736152347219, guid: 18154d933b1331a4eb4088c47afabb27, type: 3}
      propertyPath: m_Pivot.y
      value: 1
      objectReference: {fileID: 0}
    - target: {fileID: 7963476736152347219, guid: 18154d933b1331a4eb4088c47afabb27, type: 3}
      propertyPath: m_RootOrder
      value: 5
      objectReference: {fileID: 0}
    - target: {fileID: 7963476736152347219, guid: 18154d933b1331a4eb4088c47afabb27, type: 3}
      propertyPath: m_AnchorMax.x
      value: 0
      objectReference: {fileID: 0}
    - target: {fileID: 7963476736152347219, guid: 18154d933b1331a4eb4088c47afabb27, type: 3}
      propertyPath: m_AnchorMax.y
      value: 0
      objectReference: {fileID: 0}
    - target: {fileID: 7963476736152347219, guid: 18154d933b1331a4eb4088c47afabb27, type: 3}
      propertyPath: m_AnchorMin.x
      value: 0
      objectReference: {fileID: 0}
    - target: {fileID: 7963476736152347219, guid: 18154d933b1331a4eb4088c47afabb27, type: 3}
      propertyPath: m_AnchorMin.y
      value: 0
      objectReference: {fileID: 0}
    - target: {fileID: 7963476736152347219, guid: 18154d933b1331a4eb4088c47afabb27, type: 3}
      propertyPath: m_SizeDelta.x
      value: 0
      objectReference: {fileID: 0}
    - target: {fileID: 7963476736152347219, guid: 18154d933b1331a4eb4088c47afabb27, type: 3}
      propertyPath: m_SizeDelta.y
      value: 300
      objectReference: {fileID: 0}
    - target: {fileID: 7963476736152347219, guid: 18154d933b1331a4eb4088c47afabb27, type: 3}
      propertyPath: m_LocalPosition.x
      value: 0
      objectReference: {fileID: 0}
    - target: {fileID: 7963476736152347219, guid: 18154d933b1331a4eb4088c47afabb27, type: 3}
      propertyPath: m_LocalPosition.y
      value: 0
      objectReference: {fileID: 0}
    - target: {fileID: 7963476736152347219, guid: 18154d933b1331a4eb4088c47afabb27, type: 3}
      propertyPath: m_LocalPosition.z
      value: 0
      objectReference: {fileID: 0}
    - target: {fileID: 7963476736152347219, guid: 18154d933b1331a4eb4088c47afabb27, type: 3}
      propertyPath: m_LocalRotation.w
      value: 1
      objectReference: {fileID: 0}
    - target: {fileID: 7963476736152347219, guid: 18154d933b1331a4eb4088c47afabb27, type: 3}
      propertyPath: m_LocalRotation.x
      value: -0
      objectReference: {fileID: 0}
    - target: {fileID: 7963476736152347219, guid: 18154d933b1331a4eb4088c47afabb27, type: 3}
      propertyPath: m_LocalRotation.y
      value: -0
      objectReference: {fileID: 0}
    - target: {fileID: 7963476736152347219, guid: 18154d933b1331a4eb4088c47afabb27, type: 3}
      propertyPath: m_LocalRotation.z
      value: -0
      objectReference: {fileID: 0}
    - target: {fileID: 7963476736152347219, guid: 18154d933b1331a4eb4088c47afabb27, type: 3}
      propertyPath: m_AnchoredPosition.x
      value: 0
      objectReference: {fileID: 0}
    - target: {fileID: 7963476736152347219, guid: 18154d933b1331a4eb4088c47afabb27, type: 3}
      propertyPath: m_AnchoredPosition.y
      value: 0
      objectReference: {fileID: 0}
    - target: {fileID: 7963476736152347219, guid: 18154d933b1331a4eb4088c47afabb27, type: 3}
      propertyPath: m_LocalEulerAnglesHint.x
      value: 0
      objectReference: {fileID: 0}
    - target: {fileID: 7963476736152347219, guid: 18154d933b1331a4eb4088c47afabb27, type: 3}
      propertyPath: m_LocalEulerAnglesHint.y
      value: 0
      objectReference: {fileID: 0}
    - target: {fileID: 7963476736152347219, guid: 18154d933b1331a4eb4088c47afabb27, type: 3}
      propertyPath: m_LocalEulerAnglesHint.z
      value: 0
      objectReference: {fileID: 0}
    m_RemovedComponents: []
  m_SourcePrefab: {fileID: 100100000, guid: 18154d933b1331a4eb4088c47afabb27, type: 3}
--- !u!224 &2658937160317032361 stripped
RectTransform:
  m_CorrespondingSourceObject: {fileID: 7963476736152347219, guid: 18154d933b1331a4eb4088c47afabb27, type: 3}
  m_PrefabInstance: {fileID: 5360834573611234810}
  m_PrefabAsset: {fileID: 0}
--- !u!114 &6226539343392621365 stripped
MonoBehaviour:
  m_CorrespondingSourceObject: {fileID: 2021164258646275791, guid: 18154d933b1331a4eb4088c47afabb27, type: 3}
  m_PrefabInstance: {fileID: 5360834573611234810}
  m_PrefabAsset: {fileID: 0}
  m_GameObject: {fileID: 0}
  m_Enabled: 1
  m_EditorHideFlags: 0
  m_Script: {fileID: 11500000, guid: 17f6412f14bab3540b3cab72c3717ffd, type: 3}
  m_Name: 
  m_EditorClassIdentifier: 
--- !u!1001 &5844910798080757931
PrefabInstance:
  m_ObjectHideFlags: 0
  serializedVersion: 2
  m_Modification:
    m_TransformParent: {fileID: 6928712038295568247}
    m_Modifications:
    - target: {fileID: 2021164258646275791, guid: 18154d933b1331a4eb4088c47afabb27, type: 3}
      propertyPath: _endIconIndex
      value: 12
      objectReference: {fileID: 0}
    - target: {fileID: 2021164258646275791, guid: 18154d933b1331a4eb4088c47afabb27, type: 3}
      propertyPath: _startIconIndex
      value: 1
      objectReference: {fileID: 0}
    - target: {fileID: 7314287369772872891, guid: 18154d933b1331a4eb4088c47afabb27, type: 3}
      propertyPath: m_Name
      value: UI_IconsCategory_activity
      objectReference: {fileID: 0}
    - target: {fileID: 7963476736152347219, guid: 18154d933b1331a4eb4088c47afabb27, type: 3}
      propertyPath: m_Pivot.x
      value: 0.5
      objectReference: {fileID: 0}
    - target: {fileID: 7963476736152347219, guid: 18154d933b1331a4eb4088c47afabb27, type: 3}
      propertyPath: m_Pivot.y
      value: 1
      objectReference: {fileID: 0}
    - target: {fileID: 7963476736152347219, guid: 18154d933b1331a4eb4088c47afabb27, type: 3}
      propertyPath: m_RootOrder
      value: 0
      objectReference: {fileID: 0}
    - target: {fileID: 7963476736152347219, guid: 18154d933b1331a4eb4088c47afabb27, type: 3}
      propertyPath: m_AnchorMax.x
      value: 0
      objectReference: {fileID: 0}
    - target: {fileID: 7963476736152347219, guid: 18154d933b1331a4eb4088c47afabb27, type: 3}
      propertyPath: m_AnchorMax.y
      value: 0
      objectReference: {fileID: 0}
    - target: {fileID: 7963476736152347219, guid: 18154d933b1331a4eb4088c47afabb27, type: 3}
      propertyPath: m_AnchorMin.x
      value: 0
      objectReference: {fileID: 0}
    - target: {fileID: 7963476736152347219, guid: 18154d933b1331a4eb4088c47afabb27, type: 3}
      propertyPath: m_AnchorMin.y
      value: 0
      objectReference: {fileID: 0}
    - target: {fileID: 7963476736152347219, guid: 18154d933b1331a4eb4088c47afabb27, type: 3}
      propertyPath: m_SizeDelta.x
      value: 0
      objectReference: {fileID: 0}
    - target: {fileID: 7963476736152347219, guid: 18154d933b1331a4eb4088c47afabb27, type: 3}
      propertyPath: m_SizeDelta.y
      value: 300
      objectReference: {fileID: 0}
    - target: {fileID: 7963476736152347219, guid: 18154d933b1331a4eb4088c47afabb27, type: 3}
      propertyPath: m_LocalPosition.x
      value: 0
      objectReference: {fileID: 0}
    - target: {fileID: 7963476736152347219, guid: 18154d933b1331a4eb4088c47afabb27, type: 3}
      propertyPath: m_LocalPosition.y
      value: 0
      objectReference: {fileID: 0}
    - target: {fileID: 7963476736152347219, guid: 18154d933b1331a4eb4088c47afabb27, type: 3}
      propertyPath: m_LocalPosition.z
      value: 0
      objectReference: {fileID: 0}
    - target: {fileID: 7963476736152347219, guid: 18154d933b1331a4eb4088c47afabb27, type: 3}
      propertyPath: m_LocalRotation.w
      value: 1
      objectReference: {fileID: 0}
    - target: {fileID: 7963476736152347219, guid: 18154d933b1331a4eb4088c47afabb27, type: 3}
      propertyPath: m_LocalRotation.x
      value: -0
      objectReference: {fileID: 0}
    - target: {fileID: 7963476736152347219, guid: 18154d933b1331a4eb4088c47afabb27, type: 3}
      propertyPath: m_LocalRotation.y
      value: -0
      objectReference: {fileID: 0}
    - target: {fileID: 7963476736152347219, guid: 18154d933b1331a4eb4088c47afabb27, type: 3}
      propertyPath: m_LocalRotation.z
      value: -0
      objectReference: {fileID: 0}
    - target: {fileID: 7963476736152347219, guid: 18154d933b1331a4eb4088c47afabb27, type: 3}
      propertyPath: m_AnchoredPosition.x
      value: 0
      objectReference: {fileID: 0}
    - target: {fileID: 7963476736152347219, guid: 18154d933b1331a4eb4088c47afabb27, type: 3}
      propertyPath: m_AnchoredPosition.y
      value: 0
      objectReference: {fileID: 0}
    - target: {fileID: 7963476736152347219, guid: 18154d933b1331a4eb4088c47afabb27, type: 3}
      propertyPath: m_LocalEulerAnglesHint.x
      value: 0
      objectReference: {fileID: 0}
    - target: {fileID: 7963476736152347219, guid: 18154d933b1331a4eb4088c47afabb27, type: 3}
      propertyPath: m_LocalEulerAnglesHint.y
      value: 0
      objectReference: {fileID: 0}
    - target: {fileID: 7963476736152347219, guid: 18154d933b1331a4eb4088c47afabb27, type: 3}
      propertyPath: m_LocalEulerAnglesHint.z
      value: 0
      objectReference: {fileID: 0}
    m_RemovedComponents: []
  m_SourcePrefab: {fileID: 100100000, guid: 18154d933b1331a4eb4088c47afabb27, type: 3}
--- !u!224 &4584304334967173880 stripped
RectTransform:
  m_CorrespondingSourceObject: {fileID: 7963476736152347219, guid: 18154d933b1331a4eb4088c47afabb27, type: 3}
  m_PrefabInstance: {fileID: 5844910798080757931}
  m_PrefabAsset: {fileID: 0}
--- !u!114 &5553454322653685348 stripped
MonoBehaviour:
  m_CorrespondingSourceObject: {fileID: 2021164258646275791, guid: 18154d933b1331a4eb4088c47afabb27, type: 3}
  m_PrefabInstance: {fileID: 5844910798080757931}
  m_PrefabAsset: {fileID: 0}
  m_GameObject: {fileID: 0}
  m_Enabled: 1
  m_EditorHideFlags: 0
  m_Script: {fileID: 11500000, guid: 17f6412f14bab3540b3cab72c3717ffd, type: 3}
  m_Name: 
  m_EditorClassIdentifier: 
--- !u!1001 &5897963401262512158
PrefabInstance:
  m_ObjectHideFlags: 0
  serializedVersion: 2
  m_Modification:
    m_TransformParent: {fileID: 6928712038295568247}
    m_Modifications:
    - target: {fileID: 2021164258646275791, guid: 18154d933b1331a4eb4088c47afabb27, type: 3}
      propertyPath: _category
      value: 1
      objectReference: {fileID: 0}
    - target: {fileID: 2021164258646275791, guid: 18154d933b1331a4eb4088c47afabb27, type: 3}
      propertyPath: _endIconIndex
      value: 16
      objectReference: {fileID: 0}
    - target: {fileID: 2021164258646275791, guid: 18154d933b1331a4eb4088c47afabb27, type: 3}
      propertyPath: _startIconIndex
      value: 13
      objectReference: {fileID: 0}
    - target: {fileID: 2021164258646275791, guid: 18154d933b1331a4eb4088c47afabb27, type: 3}
      propertyPath: _allowMultipleSelection
      value: 1
      objectReference: {fileID: 0}
    - target: {fileID: 7314287369772872891, guid: 18154d933b1331a4eb4088c47afabb27, type: 3}
      propertyPath: m_Name
      value: UI_IconsCategory_env
      objectReference: {fileID: 0}
    - target: {fileID: 7963476736152347219, guid: 18154d933b1331a4eb4088c47afabb27, type: 3}
      propertyPath: m_Pivot.x
      value: 0.5
      objectReference: {fileID: 0}
    - target: {fileID: 7963476736152347219, guid: 18154d933b1331a4eb4088c47afabb27, type: 3}
      propertyPath: m_Pivot.y
      value: 1
      objectReference: {fileID: 0}
    - target: {fileID: 7963476736152347219, guid: 18154d933b1331a4eb4088c47afabb27, type: 3}
      propertyPath: m_RootOrder
      value: 1
      objectReference: {fileID: 0}
    - target: {fileID: 7963476736152347219, guid: 18154d933b1331a4eb4088c47afabb27, type: 3}
      propertyPath: m_AnchorMax.x
      value: 0
      objectReference: {fileID: 0}
    - target: {fileID: 7963476736152347219, guid: 18154d933b1331a4eb4088c47afabb27, type: 3}
      propertyPath: m_AnchorMax.y
      value: 0
      objectReference: {fileID: 0}
    - target: {fileID: 7963476736152347219, guid: 18154d933b1331a4eb4088c47afabb27, type: 3}
      propertyPath: m_AnchorMin.x
      value: 0
      objectReference: {fileID: 0}
    - target: {fileID: 7963476736152347219, guid: 18154d933b1331a4eb4088c47afabb27, type: 3}
      propertyPath: m_AnchorMin.y
      value: 0
      objectReference: {fileID: 0}
    - target: {fileID: 7963476736152347219, guid: 18154d933b1331a4eb4088c47afabb27, type: 3}
      propertyPath: m_SizeDelta.x
      value: 0
      objectReference: {fileID: 0}
    - target: {fileID: 7963476736152347219, guid: 18154d933b1331a4eb4088c47afabb27, type: 3}
      propertyPath: m_SizeDelta.y
      value: 180
      objectReference: {fileID: 0}
    - target: {fileID: 7963476736152347219, guid: 18154d933b1331a4eb4088c47afabb27, type: 3}
      propertyPath: m_LocalPosition.x
      value: 0
      objectReference: {fileID: 0}
    - target: {fileID: 7963476736152347219, guid: 18154d933b1331a4eb4088c47afabb27, type: 3}
      propertyPath: m_LocalPosition.y
      value: 0
      objectReference: {fileID: 0}
    - target: {fileID: 7963476736152347219, guid: 18154d933b1331a4eb4088c47afabb27, type: 3}
      propertyPath: m_LocalPosition.z
      value: 0
      objectReference: {fileID: 0}
    - target: {fileID: 7963476736152347219, guid: 18154d933b1331a4eb4088c47afabb27, type: 3}
      propertyPath: m_LocalRotation.w
      value: 1
      objectReference: {fileID: 0}
    - target: {fileID: 7963476736152347219, guid: 18154d933b1331a4eb4088c47afabb27, type: 3}
      propertyPath: m_LocalRotation.x
      value: -0
      objectReference: {fileID: 0}
    - target: {fileID: 7963476736152347219, guid: 18154d933b1331a4eb4088c47afabb27, type: 3}
      propertyPath: m_LocalRotation.y
      value: -0
      objectReference: {fileID: 0}
    - target: {fileID: 7963476736152347219, guid: 18154d933b1331a4eb4088c47afabb27, type: 3}
      propertyPath: m_LocalRotation.z
      value: -0
      objectReference: {fileID: 0}
    - target: {fileID: 7963476736152347219, guid: 18154d933b1331a4eb4088c47afabb27, type: 3}
      propertyPath: m_AnchoredPosition.x
      value: 0
      objectReference: {fileID: 0}
    - target: {fileID: 7963476736152347219, guid: 18154d933b1331a4eb4088c47afabb27, type: 3}
      propertyPath: m_AnchoredPosition.y
      value: 0
      objectReference: {fileID: 0}
    - target: {fileID: 7963476736152347219, guid: 18154d933b1331a4eb4088c47afabb27, type: 3}
      propertyPath: m_LocalEulerAnglesHint.x
      value: 0
      objectReference: {fileID: 0}
    - target: {fileID: 7963476736152347219, guid: 18154d933b1331a4eb4088c47afabb27, type: 3}
      propertyPath: m_LocalEulerAnglesHint.y
      value: 0
      objectReference: {fileID: 0}
    - target: {fileID: 7963476736152347219, guid: 18154d933b1331a4eb4088c47afabb27, type: 3}
      propertyPath: m_LocalEulerAnglesHint.z
      value: 0
      objectReference: {fileID: 0}
    m_RemovedComponents: []
  m_SourcePrefab: {fileID: 100100000, guid: 18154d933b1331a4eb4088c47afabb27, type: 3}
--- !u!224 &4565020068206025293 stripped
RectTransform:
  m_CorrespondingSourceObject: {fileID: 7963476736152347219, guid: 18154d933b1331a4eb4088c47afabb27, type: 3}
  m_PrefabInstance: {fileID: 5897963401262512158}
  m_PrefabAsset: {fileID: 0}
--- !u!114 &5608486053252042449 stripped
MonoBehaviour:
  m_CorrespondingSourceObject: {fileID: 2021164258646275791, guid: 18154d933b1331a4eb4088c47afabb27, type: 3}
  m_PrefabInstance: {fileID: 5897963401262512158}
  m_PrefabAsset: {fileID: 0}
  m_GameObject: {fileID: 0}
  m_Enabled: 1
  m_EditorHideFlags: 0
  m_Script: {fileID: 11500000, guid: 17f6412f14bab3540b3cab72c3717ffd, type: 3}
  m_Name: 
  m_EditorClassIdentifier: 
--- !u!1001 &6821351185653455936
PrefabInstance:
  m_ObjectHideFlags: 0
  serializedVersion: 2
  m_Modification:
    m_TransformParent: {fileID: 6928712038295568247}
    m_Modifications:
    - target: {fileID: 2021164258646275791, guid: 18154d933b1331a4eb4088c47afabb27, type: 3}
      propertyPath: _category
      value: 3
      objectReference: {fileID: 0}
    - target: {fileID: 2021164258646275791, guid: 18154d933b1331a4eb4088c47afabb27, type: 3}
      propertyPath: _endIconIndex
      value: 24
      objectReference: {fileID: 0}
    - target: {fileID: 2021164258646275791, guid: 18154d933b1331a4eb4088c47afabb27, type: 3}
      propertyPath: _startIconIndex
      value: 21
      objectReference: {fileID: 0}
    - target: {fileID: 2021164258646275791, guid: 18154d933b1331a4eb4088c47afabb27, type: 3}
      propertyPath: _allowMultipleSelection
      value: 1
      objectReference: {fileID: 0}
    - target: {fileID: 7314287369772872891, guid: 18154d933b1331a4eb4088c47afabb27, type: 3}
      propertyPath: m_Name
      value: UI_IconsCategory_memory
      objectReference: {fileID: 0}
    - target: {fileID: 7963476736152347219, guid: 18154d933b1331a4eb4088c47afabb27, type: 3}
      propertyPath: m_Pivot.x
      value: 0.5
      objectReference: {fileID: 0}
    - target: {fileID: 7963476736152347219, guid: 18154d933b1331a4eb4088c47afabb27, type: 3}
      propertyPath: m_Pivot.y
      value: 1
      objectReference: {fileID: 0}
    - target: {fileID: 7963476736152347219, guid: 18154d933b1331a4eb4088c47afabb27, type: 3}
      propertyPath: m_RootOrder
      value: 3
      objectReference: {fileID: 0}
    - target: {fileID: 7963476736152347219, guid: 18154d933b1331a4eb4088c47afabb27, type: 3}
      propertyPath: m_AnchorMax.x
      value: 0
      objectReference: {fileID: 0}
    - target: {fileID: 7963476736152347219, guid: 18154d933b1331a4eb4088c47afabb27, type: 3}
      propertyPath: m_AnchorMax.y
      value: 0
      objectReference: {fileID: 0}
    - target: {fileID: 7963476736152347219, guid: 18154d933b1331a4eb4088c47afabb27, type: 3}
      propertyPath: m_AnchorMin.x
      value: 0
      objectReference: {fileID: 0}
    - target: {fileID: 7963476736152347219, guid: 18154d933b1331a4eb4088c47afabb27, type: 3}
      propertyPath: m_AnchorMin.y
      value: 0
      objectReference: {fileID: 0}
    - target: {fileID: 7963476736152347219, guid: 18154d933b1331a4eb4088c47afabb27, type: 3}
      propertyPath: m_SizeDelta.x
      value: 0
      objectReference: {fileID: 0}
    - target: {fileID: 7963476736152347219, guid: 18154d933b1331a4eb4088c47afabb27, type: 3}
      propertyPath: m_SizeDelta.y
      value: 180
      objectReference: {fileID: 0}
    - target: {fileID: 7963476736152347219, guid: 18154d933b1331a4eb4088c47afabb27, type: 3}
      propertyPath: m_LocalPosition.x
      value: 0
      objectReference: {fileID: 0}
    - target: {fileID: 7963476736152347219, guid: 18154d933b1331a4eb4088c47afabb27, type: 3}
      propertyPath: m_LocalPosition.y
      value: 0
      objectReference: {fileID: 0}
    - target: {fileID: 7963476736152347219, guid: 18154d933b1331a4eb4088c47afabb27, type: 3}
      propertyPath: m_LocalPosition.z
      value: 0
      objectReference: {fileID: 0}
    - target: {fileID: 7963476736152347219, guid: 18154d933b1331a4eb4088c47afabb27, type: 3}
      propertyPath: m_LocalRotation.w
      value: 1
      objectReference: {fileID: 0}
    - target: {fileID: 7963476736152347219, guid: 18154d933b1331a4eb4088c47afabb27, type: 3}
      propertyPath: m_LocalRotation.x
      value: -0
      objectReference: {fileID: 0}
    - target: {fileID: 7963476736152347219, guid: 18154d933b1331a4eb4088c47afabb27, type: 3}
      propertyPath: m_LocalRotation.y
      value: -0
      objectReference: {fileID: 0}
    - target: {fileID: 7963476736152347219, guid: 18154d933b1331a4eb4088c47afabb27, type: 3}
      propertyPath: m_LocalRotation.z
      value: -0
      objectReference: {fileID: 0}
    - target: {fileID: 7963476736152347219, guid: 18154d933b1331a4eb4088c47afabb27, type: 3}
      propertyPath: m_AnchoredPosition.x
      value: 0
      objectReference: {fileID: 0}
    - target: {fileID: 7963476736152347219, guid: 18154d933b1331a4eb4088c47afabb27, type: 3}
      propertyPath: m_AnchoredPosition.y
      value: 0
      objectReference: {fileID: 0}
    - target: {fileID: 7963476736152347219, guid: 18154d933b1331a4eb4088c47afabb27, type: 3}
      propertyPath: m_LocalEulerAnglesHint.x
      value: 0
      objectReference: {fileID: 0}
    - target: {fileID: 7963476736152347219, guid: 18154d933b1331a4eb4088c47afabb27, type: 3}
      propertyPath: m_LocalEulerAnglesHint.y
      value: 0
      objectReference: {fileID: 0}
    - target: {fileID: 7963476736152347219, guid: 18154d933b1331a4eb4088c47afabb27, type: 3}
      propertyPath: m_LocalEulerAnglesHint.z
      value: 0
      objectReference: {fileID: 0}
    m_RemovedComponents: []
  m_SourcePrefab: {fileID: 100100000, guid: 18154d933b1331a4eb4088c47afabb27, type: 3}
--- !u!224 &3470512954852703763 stripped
RectTransform:
  m_CorrespondingSourceObject: {fileID: 7963476736152347219, guid: 18154d933b1331a4eb4088c47afabb27, type: 3}
  m_PrefabInstance: {fileID: 6821351185653455936}
  m_PrefabAsset: {fileID: 0}
--- !u!114 &4802755766283135631 stripped
MonoBehaviour:
  m_CorrespondingSourceObject: {fileID: 2021164258646275791, guid: 18154d933b1331a4eb4088c47afabb27, type: 3}
  m_PrefabInstance: {fileID: 6821351185653455936}
  m_PrefabAsset: {fileID: 0}
  m_GameObject: {fileID: 0}
  m_Enabled: 1
  m_EditorHideFlags: 0
  m_Script: {fileID: 11500000, guid: 17f6412f14bab3540b3cab72c3717ffd, type: 3}
  m_Name: 
  m_EditorClassIdentifier: 
--- !u!1001 &7010086564445244125
PrefabInstance:
  m_ObjectHideFlags: 0
  serializedVersion: 2
  m_Modification:
    m_TransformParent: {fileID: 6928712038295568247}
    m_Modifications:
    - target: {fileID: 2021164258646275791, guid: 18154d933b1331a4eb4088c47afabb27, type: 3}
      propertyPath: _category
      value: 4
      objectReference: {fileID: 0}
    - target: {fileID: 2021164258646275791, guid: 18154d933b1331a4eb4088c47afabb27, type: 3}
      propertyPath: _endIconIndex
      value: 29
      objectReference: {fileID: 0}
    - target: {fileID: 2021164258646275791, guid: 18154d933b1331a4eb4088c47afabb27, type: 3}
      propertyPath: _startIconIndex
      value: 25
      objectReference: {fileID: 0}
    - target: {fileID: 2021164258646275791, guid: 18154d933b1331a4eb4088c47afabb27, type: 3}
      propertyPath: _allowMultipleSelection
      value: 1
      objectReference: {fileID: 0}
    - target: {fileID: 7314287369772872891, guid: 18154d933b1331a4eb4088c47afabb27, type: 3}
      propertyPath: m_Name
      value: UI_IconsCategory_social
      objectReference: {fileID: 0}
    - target: {fileID: 7963476736152347219, guid: 18154d933b1331a4eb4088c47afabb27, type: 3}
      propertyPath: m_Pivot.x
      value: 0.5
      objectReference: {fileID: 0}
    - target: {fileID: 7963476736152347219, guid: 18154d933b1331a4eb4088c47afabb27, type: 3}
      propertyPath: m_Pivot.y
      value: 1
      objectReference: {fileID: 0}
    - target: {fileID: 7963476736152347219, guid: 18154d933b1331a4eb4088c47afabb27, type: 3}
      propertyPath: m_RootOrder
      value: 4
      objectReference: {fileID: 0}
    - target: {fileID: 7963476736152347219, guid: 18154d933b1331a4eb4088c47afabb27, type: 3}
      propertyPath: m_AnchorMax.x
      value: 0
      objectReference: {fileID: 0}
    - target: {fileID: 7963476736152347219, guid: 18154d933b1331a4eb4088c47afabb27, type: 3}
      propertyPath: m_AnchorMax.y
      value: 0
      objectReference: {fileID: 0}
    - target: {fileID: 7963476736152347219, guid: 18154d933b1331a4eb4088c47afabb27, type: 3}
      propertyPath: m_AnchorMin.x
      value: 0
      objectReference: {fileID: 0}
    - target: {fileID: 7963476736152347219, guid: 18154d933b1331a4eb4088c47afabb27, type: 3}
      propertyPath: m_AnchorMin.y
      value: 0
      objectReference: {fileID: 0}
    - target: {fileID: 7963476736152347219, guid: 18154d933b1331a4eb4088c47afabb27, type: 3}
      propertyPath: m_SizeDelta.x
      value: 0
      objectReference: {fileID: 0}
    - target: {fileID: 7963476736152347219, guid: 18154d933b1331a4eb4088c47afabb27, type: 3}
      propertyPath: m_SizeDelta.y
      value: 240
      objectReference: {fileID: 0}
    - target: {fileID: 7963476736152347219, guid: 18154d933b1331a4eb4088c47afabb27, type: 3}
      propertyPath: m_LocalPosition.x
      value: 0
      objectReference: {fileID: 0}
    - target: {fileID: 7963476736152347219, guid: 18154d933b1331a4eb4088c47afabb27, type: 3}
      propertyPath: m_LocalPosition.y
      value: 0
      objectReference: {fileID: 0}
    - target: {fileID: 7963476736152347219, guid: 18154d933b1331a4eb4088c47afabb27, type: 3}
      propertyPath: m_LocalPosition.z
      value: 0
      objectReference: {fileID: 0}
    - target: {fileID: 7963476736152347219, guid: 18154d933b1331a4eb4088c47afabb27, type: 3}
      propertyPath: m_LocalRotation.w
      value: 1
      objectReference: {fileID: 0}
    - target: {fileID: 7963476736152347219, guid: 18154d933b1331a4eb4088c47afabb27, type: 3}
      propertyPath: m_LocalRotation.x
      value: -0
      objectReference: {fileID: 0}
    - target: {fileID: 7963476736152347219, guid: 18154d933b1331a4eb4088c47afabb27, type: 3}
      propertyPath: m_LocalRotation.y
      value: -0
      objectReference: {fileID: 0}
    - target: {fileID: 7963476736152347219, guid: 18154d933b1331a4eb4088c47afabb27, type: 3}
      propertyPath: m_LocalRotation.z
      value: -0
      objectReference: {fileID: 0}
    - target: {fileID: 7963476736152347219, guid: 18154d933b1331a4eb4088c47afabb27, type: 3}
      propertyPath: m_AnchoredPosition.x
      value: 0
      objectReference: {fileID: 0}
    - target: {fileID: 7963476736152347219, guid: 18154d933b1331a4eb4088c47afabb27, type: 3}
      propertyPath: m_AnchoredPosition.y
      value: 0
      objectReference: {fileID: 0}
    - target: {fileID: 7963476736152347219, guid: 18154d933b1331a4eb4088c47afabb27, type: 3}
      propertyPath: m_LocalEulerAnglesHint.x
      value: 0
      objectReference: {fileID: 0}
    - target: {fileID: 7963476736152347219, guid: 18154d933b1331a4eb4088c47afabb27, type: 3}
      propertyPath: m_LocalEulerAnglesHint.y
      value: 0
      objectReference: {fileID: 0}
    - target: {fileID: 7963476736152347219, guid: 18154d933b1331a4eb4088c47afabb27, type: 3}
      propertyPath: m_LocalEulerAnglesHint.z
      value: 0
      objectReference: {fileID: 0}
    m_RemovedComponents: []
  m_SourcePrefab: {fileID: 100100000, guid: 18154d933b1331a4eb4088c47afabb27, type: 3}
--- !u!224 &1138046696808114318 stripped
RectTransform:
  m_CorrespondingSourceObject: {fileID: 7963476736152347219, guid: 18154d933b1331a4eb4088c47afabb27, type: 3}
  m_PrefabInstance: {fileID: 7010086564445244125}
  m_PrefabAsset: {fileID: 0}
--- !u!114 &9026421714190138386 stripped
MonoBehaviour:
  m_CorrespondingSourceObject: {fileID: 2021164258646275791, guid: 18154d933b1331a4eb4088c47afabb27, type: 3}
  m_PrefabInstance: {fileID: 7010086564445244125}
  m_PrefabAsset: {fileID: 0}
  m_GameObject: {fileID: 0}
  m_Enabled: 1
  m_EditorHideFlags: 0
  m_Script: {fileID: 11500000, guid: 17f6412f14bab3540b3cab72c3717ffd, type: 3}
  m_Name: 
  m_EditorClassIdentifier: 
