%YAML 1.1
%TAG !u! tag:unity3d.com,2011:
--- !u!1 &480466517619307474
GameObject:
  m_ObjectHideFlags: 0
  m_CorrespondingSourceObject: {fileID: 0}
  m_PrefabInstance: {fileID: 0}
  m_PrefabAsset: {fileID: 0}
  serializedVersion: 6
  m_Component:
  - component: {fileID: 480466517619307472}
  - component: {fileID: 480466517619307473}
  m_Layer: 0
  m_Name: Map_Camera
  m_TagString: Untagged
  m_Icon: {fileID: 0}
  m_NavMeshLayer: 0
  m_StaticEditorFlags: 0
  m_IsActive: 1
--- !u!4 &480466517619307472
Transform:
  m_ObjectHideFlags: 0
  m_CorrespondingSourceObject: {fileID: 0}
  m_PrefabInstance: {fileID: 0}
  m_PrefabAsset: {fileID: 0}
  m_GameObject: {fileID: 480466517619307474}
  m_LocalRotation: {x: -0, y: 0.7071068, z: -0.7071068, w: 0}
  m_LocalPosition: {x: -512, y: 512, z: 512}
  m_LocalScale: {x: 1, y: 1, z: 1}
  m_ConstrainProportionsScale: 0
  m_Children:
  - {fileID: 480466519109693988}
  - {fileID: 1771462718843657141}
  m_Father: {fileID: 480466519293824437}
  m_RootOrder: 0
  m_LocalEulerAnglesHint: {x: 0, y: 180, z: 0}
--- !u!20 &480466517619307473
Camera:
  m_ObjectHideFlags: 0
  m_CorrespondingSourceObject: {fileID: 0}
  m_PrefabInstance: {fileID: 0}
  m_PrefabAsset: {fileID: 0}
  m_GameObject: {fileID: 480466517619307474}
  m_Enabled: 1
  serializedVersion: 2
  m_ClearFlags: 2
  m_BackGroundColor: {r: 0.60746706, g: 0.623385, b: 0.6886792, a: 1}
  m_projectionMatrixMode: 1
  m_GateFitMode: 2
  m_FOVAxisMode: 0
  m_SensorSize: {x: 36, y: 24}
  m_LensShift: {x: 0, y: 0}
  m_FocalLength: 50
  m_NormalizedViewPortRect:
    serializedVersion: 2
    x: 0
    y: 0
    width: 1
    height: 1
  near clip plane: 0.3
  far clip plane: 1958.0237
  field of view: 60
  orthographic: 1
  orthographic size: 512
  m_Depth: 0
  m_CullingMask:
    serializedVersion: 2
    m_Bits: 64
  m_RenderingPath: -1
  m_TargetTexture: {fileID: 8400000, guid: 3a553f3646c0de4438aa114107045ced, type: 2}
  m_TargetDisplay: 0
  m_TargetEye: 3
  m_HDR: 1
  m_AllowMSAA: 1
  m_AllowDynamicResolution: 0
  m_ForceIntoRT: 0
  m_OcclusionCulling: 0
  m_StereoConvergence: 10
  m_StereoSeparation: 0.022
--- !u!1 &480466519109693989
GameObject:
  m_ObjectHideFlags: 0
  m_CorrespondingSourceObject: {fileID: 0}
  m_PrefabInstance: {fileID: 0}
  m_PrefabAsset: {fileID: 0}
  serializedVersion: 6
  m_Component:
  - component: {fileID: 480466519109693988}
  - component: {fileID: 480466519109693987}
  m_Layer: 0
  m_Name: Directional Light
  m_TagString: Untagged
  m_Icon: {fileID: 0}
  m_NavMeshLayer: 0
  m_StaticEditorFlags: 0
  m_IsActive: 1
--- !u!4 &480466519109693988
Transform:
  m_ObjectHideFlags: 0
  m_CorrespondingSourceObject: {fileID: 0}
  m_PrefabInstance: {fileID: 0}
  m_PrefabAsset: {fileID: 0}
  m_GameObject: {fileID: 480466519109693989}
  m_LocalRotation: {x: 0, y: 0, z: 0, w: 1}
  m_LocalPosition: {x: 0, y: 0, z: 0}
  m_LocalScale: {x: 1, y: 1, z: 1}
  m_ConstrainProportionsScale: 0
  m_Children: []
  m_Father: {fileID: 480466517619307472}
  m_RootOrder: 0
  m_LocalEulerAnglesHint: {x: 0, y: 0, z: 0}
--- !u!108 &480466519109693987
Light:
  m_ObjectHideFlags: 0
  m_CorrespondingSourceObject: {fileID: 0}
  m_PrefabInstance: {fileID: 0}
  m_PrefabAsset: {fileID: 0}
  m_GameObject: {fileID: 480466519109693989}
  m_Enabled: 1
  serializedVersion: 10
  m_Type: 1
  m_Shape: 0
  m_Color: {r: 1, g: 1, b: 1, a: 1}
  m_Intensity: 0.8
  m_Range: 10
  m_SpotAngle: 30
  m_InnerSpotAngle: 21.80208
  m_CookieSize: 10
  m_Shadows:
    m_Type: 0
    m_Resolution: -1
    m_CustomResolution: -1
    m_Strength: 1
    m_Bias: 0.05
    m_NormalBias: 0.4
    m_NearPlane: 0.2
    m_CullingMatrixOverride:
      e00: 1
      e01: 0
      e02: 0
      e03: 0
      e10: 0
      e11: 1
      e12: 0
      e13: 0
      e20: 0
      e21: 0
      e22: 1
      e23: 0
      e30: 0
      e31: 0
      e32: 0
      e33: 1
    m_UseCullingMatrixOverride: 0
  m_Cookie: {fileID: 0}
  m_DrawHalo: 0
  m_Flare: {fileID: 0}
  m_RenderMode: 0
  m_CullingMask:
    serializedVersion: 2
    m_Bits: 4294967295
  m_RenderingLayerMask: 1
  m_Lightmapping: 4
  m_LightShadowCasterMode: 0
  m_AreaSize: {x: 1, y: 1}
  m_BounceIntensity: 1
  m_ColorTemperature: 6570
  m_UseColorTemperature: 0
  m_BoundingSphereOverride: {x: 0, y: 0, z: 0, w: 0}
  m_UseBoundingSphereOverride: 0
  m_UseViewFrustumForShadowCasterCull: 1
  m_ShadowRadius: 0
  m_ShadowAngle: 0
--- !u!1 &480466519293824461
GameObject:
  m_ObjectHideFlags: 0
  m_CorrespondingSourceObject: {fileID: 0}
  m_PrefabInstance: {fileID: 0}
  m_PrefabAsset: {fileID: 0}
  serializedVersion: 6
  m_Component:
  - component: {fileID: 480466519293824437}
  - component: {fileID: 480466519293824458}
  - component: {fileID: 480466519293824438}
  - component: {fileID: 480466519293824439}
  - component: {fileID: 480466519293824456}
  - component: {fileID: 480466519293824457}
  - component: {fileID: 480466519293824436}
  - component: {fileID: 285698545892818488}
  - component: {fileID: 3558213302098318820}
  m_Layer: 6
  m_Name: OnlineMaps
  m_TagString: Untagged
  m_Icon: {fileID: 0}
  m_NavMeshLayer: 0
  m_StaticEditorFlags: 0
  m_IsActive: 1
--- !u!4 &480466519293824437
Transform:
  m_ObjectHideFlags: 0
  m_CorrespondingSourceObject: {fileID: 0}
  m_PrefabInstance: {fileID: 0}
  m_PrefabAsset: {fileID: 0}
  m_GameObject: {fileID: 480466519293824461}
  m_LocalRotation: {x: 0, y: 0, z: 0, w: 1}
  m_LocalPosition: {x: 10000, y: 0, z: 0}
  m_LocalScale: {x: 1, y: 1, z: 1}
  m_ConstrainProportionsScale: 0
  m_Children:
  - {fileID: 480466517619307472}
  m_Father: {fileID: 0}
  m_RootOrder: 0
  m_LocalEulerAnglesHint: {x: 0, y: 0, z: 0}
--- !u!222 &480466519293824458
CanvasRenderer:
  m_ObjectHideFlags: 0
  m_CorrespondingSourceObject: {fileID: 0}
  m_PrefabInstance: {fileID: 0}
  m_PrefabAsset: {fileID: 0}
  m_GameObject: {fileID: 480466519293824461}
  m_CullTransparentMesh: 1
--- !u!114 &480466519293824438
MonoBehaviour:
  m_ObjectHideFlags: 0
  m_CorrespondingSourceObject: {fileID: 0}
  m_PrefabInstance: {fileID: 0}
  m_PrefabAsset: {fileID: 0}
  m_GameObject: {fileID: 480466519293824461}
  m_Enabled: 1
  m_EditorHideFlags: 0
  m_Script: {fileID: 11500000, guid: 9cf484bb098da8c48973c6e0076a9e35, type: 3}
  m_Name: 
  m_EditorClassIdentifier: 
  allowRedraw: 1
  blockAllInteractions: 0
  countParentLevels: 5
  customProviderURL: http://localhost/{zoom}/{y}/{x}
  customTrafficProviderURL: http://localhost/{zoom}/{y}/{x}
  defaultTileTexture: {fileID: 0}
  dispatchEvents: 1
  dragMarkerHoldingCTRL: 0
  emptyColor: {r: 0.5, g: 0.5, b: 0.5, a: 1}
  height: 1024
  labels: 1
  language: en
  lockRedraw: 0
  needRedraw: 0
  notInteractUnderGUI: 0
  mapType: osm.mapnik
  osmServer: 0
  proxyURL: https://service.infinity-code.com/redirect.php?
  redrawOnPlay: 0
  renderInThread: 0
  resourcesPath: OnlineMapsTiles/{zoom}/{x}/{y}
  streamingAssetsPath: OnlineMapsTiles/{zoom}/{x}/{y}.png
  showMarkerTooltip: 0
  source: 0
  stopPlayingWhenScriptsCompile: 1
  texture: {fileID: 0}
  tooltipBackgroundTexture: {fileID: 2800000, guid: a8d1734e646100c4e83635fecf978e15, type: 3}
  traffic: 0
  trafficProviderID: googlemaps
  useCurrentZoomTiles: 0
  useProxy: 1
  useSoftwareJPEGDecoder: 0
  width: 1024
  _activeTypeSettings: 
  _zoom: 13
  latitude: 45.76061413251234
  longitude: 4.827547073364258
--- !u!114 &480466519293824439
MonoBehaviour:
  m_ObjectHideFlags: 0
  m_CorrespondingSourceObject: {fileID: 0}
  m_PrefabInstance: {fileID: 0}
  m_PrefabAsset: {fileID: 0}
  m_GameObject: {fileID: 480466519293824461}
  m_Enabled: 1
  m_EditorHideFlags: 0
  m_Script: {fileID: 11500000, guid: 06f2cfe9365da3b4da8d6b60e10f8184, type: 3}
  m_Name: 
  m_EditorClassIdentifier: 
  _items: []
  defaultScale: 1
  allowAddMarker3DByN: 0
  defaultPrefab: {fileID: 0}
--- !u!114 &480466519293824456
MonoBehaviour:
  m_ObjectHideFlags: 0
  m_CorrespondingSourceObject: {fileID: 0}
  m_PrefabInstance: {fileID: 0}
  m_PrefabAsset: {fileID: 0}
  m_GameObject: {fileID: 480466519293824461}
  m_Enabled: 1
  m_EditorHideFlags: 0
  m_Script: {fileID: 11500000, guid: 442db0cd7f5047744a8c79880b32aad0, type: 3}
  m_Name: 
  m_EditorClassIdentifier: 
  _items: []
  defaultScale: 1
  defaultTexture: {fileID: 2800000, guid: ea7eb0aa8eaab054a91d4219f9719f63, type: 3}
  defaultAlign: 7
  allowAddMarkerByM: 0
--- !u!114 &480466519293824457
MonoBehaviour:
  m_ObjectHideFlags: 0
  m_CorrespondingSourceObject: {fileID: 0}
  m_PrefabInstance: {fileID: 0}
  m_PrefabAsset: {fileID: 0}
  m_GameObject: {fileID: 480466519293824461}
  m_Enabled: 1
  m_EditorHideFlags: 0
  m_Script: {fileID: 11500000, guid: 3b620559b752ba940a1eb34b10dfde7d, type: 3}
  m_Name: 
  m_EditorClassIdentifier: 
  activeTexture: {fileID: 0}
  allowZoom: 1
  allowUserControl: 1
  checkScreenSizeForWheelZoom: 1
  drawingElementManager: {fileID: 0}
  isMapDrag: 0
  invertTouchZoom: 0
  markerManager: {fileID: 0}
  smoothZoom: 1
  zoomInOnDoubleClick: 1
  zoomMode: 0
  zoomSensitivity: 1
  activeCamera: {fileID: 480466517619307473}
  elevationManager: {fileID: 0}
  marker2DMode: 0
  marker2DSize: 100
  marker3DManager: {fileID: 0}
  originalPosition: {x: 0, y: 0, z: 0}
  originalScale: {x: 0, y: 0, z: 0}
  checkMarker2DVisibility: 0
  elevationResolution: 32
  markerMaterial: {fileID: 0}
  markerShader: {fileID: 30, guid: 0000000000000000f000000000000000, type: 0}
  sizeInScene: {x: 1024, y: 1024}
  colliderType: 1
  compressTextures: 1
  drawingsGameObject: {fileID: 0}
  drawingMode: 0
  drawingShader: {fileID: 4800000, guid: 07fd051d8972c7a4bac96bfa8038d08b, type: 3}
  overlayFromParentTiles: 1
  tileMaterial: {fileID: 0}
  tilesetShader: {fileID: 4800000, guid: f65580aa9bbbd7e42b05adab01e1ca2d, type: 3}
  _mipmapForTiles: 0
--- !u!114 &480466519293824436
MonoBehaviour:
  m_ObjectHideFlags: 0
  m_CorrespondingSourceObject: {fileID: 0}
  m_PrefabInstance: {fileID: 0}
  m_PrefabAsset: {fileID: 0}
  m_GameObject: {fileID: 480466519293824461}
  m_Enabled: 1
  m_EditorHideFlags: 0
  m_Script: {fileID: 11500000, guid: 6b394668aa7996b47984b205e75a01ba, type: 3}
  m_Name: 
  m_EditorClassIdentifier: 
  image: {fileID: 0}
  map: {fileID: 480466519293824438}
  targetTexture: {fileID: 8400000, guid: 3a553f3646c0de4438aa114107045ced, type: 2}
--- !u!114 &285698545892818488
MonoBehaviour:
  m_ObjectHideFlags: 0
  m_CorrespondingSourceObject: {fileID: 0}
  m_PrefabInstance: {fileID: 0}
  m_PrefabAsset: {fileID: 0}
  m_GameObject: {fileID: 480466519293824461}
  m_Enabled: 1
  m_EditorHideFlags: 0
  m_Script: {fileID: 11500000, guid: ed3c476c58b6b054d9469cbe6c8fa060, type: 3}
  m_Name: 
  m_EditorClassIdentifier: 
  customCacheUnloadRate: 0.3
  maxCustomCacheSize: 100
  fileCacheLocation: 0
  fileCacheCustomPath: 
  fileCacheTilePath: TileCache/{pid}/{mid}/{lbs}/{lng}/{zoom}/{x}/{y}
  fileCacheUnloadRate: 0.3
  maxFileCacheSize: 100
  useFileCache: 1
  maxMemoryCacheSize: 10
  memoryCacheUnloadRate: 0.3
  useMemoryCache: 1
--- !u!114 &3558213302098318820
MonoBehaviour:
  m_ObjectHideFlags: 0
  m_CorrespondingSourceObject: {fileID: 0}
  m_PrefabInstance: {fileID: 0}
  m_PrefabAsset: {fileID: 0}
  m_GameObject: {fileID: 480466519293824461}
  m_Enabled: 1
  m_EditorHideFlags: 0
  m_Script: {fileID: 11500000, guid: 7492be098a4fe754b940f70f534c288b, type: 3}
  m_Name: 
  m_EditorClassIdentifier: 
  minZoom: 10
  maxZoom: 19.8
  minLatitude: -90
  maxLatitude: 90
  minLongitude: -180
  maxLongitude: 180
  positionRangeType: 0
  useZoomRange: 1
  usePositionRange: 0
--- !u!1 &6477348301209207637
GameObject:
  m_ObjectHideFlags: 0
  m_CorrespondingSourceObject: {fileID: 0}
  m_PrefabInstance: {fileID: 0}
  m_PrefabAsset: {fileID: 0}
  serializedVersion: 6
  m_Component:
  - component: {fileID: 1771462718843657141}
  m_Layer: 0
  m_Name: LinesRoot
  m_TagString: Untagged
  m_Icon: {fileID: 0}
  m_NavMeshLayer: 0
  m_StaticEditorFlags: 0
  m_IsActive: 1
--- !u!4 &1771462718843657141
Transform:
  m_ObjectHideFlags: 0
  m_CorrespondingSourceObject: {fileID: 0}
  m_PrefabInstance: {fileID: 0}
  m_PrefabAsset: {fileID: 0}
  m_GameObject: {fileID: 6477348301209207637}
  m_LocalRotation: {x: 0, y: 0, z: 0, w: 1}
  m_LocalPosition: {x: 0, y: 0, z: 500}
  m_LocalScale: {x: 1, y: 1, z: 1}
  m_ConstrainProportionsScale: 0
  m_Children: []
  m_Father: {fileID: 480466517619307472}
  m_RootOrder: 1
  m_LocalEulerAnglesHint: {x: 0, y: 0, z: 0}
